
@book{auden_another_1940,
	location = {London},
	title = {Another Time},
	publisher = {Faber},
	author = {Auden, W. H.},
	date = {1940},
}

@book{forster_howards_1991,
	location = {New York, Ny.},
	title = {Howards End},
	publisher = {Knopf},
	author = {Forster, E. M.},
	date = {1991},
}

@book{hardy_complete_1976,
	location = {London},
	title = {The Complete Poems},
	publisher = {Macmillan},
	author = {Hardy, Thomas},
	editor = {Gibson, James},
	date = {1976},
}

@book{mendelson_early_2017,
	location = {Princeton, Nj.},
	title = {Early Auden, Later Auden: A Critical Biography},
	publisher = {Princeton University Press},
	author = {Mendelson, Edward},
	date = {2017},
}

@book{waugh_put_1942,
	location = {London},
	title = {Put Out More Flags},
	publisher = {Chapman {and} Hall},
	author = {Waugh, Evelyn},
	date = {1942},
}
