
@article{amado_orpheu_2015,
	title = {Orpheu... e {Eurídice}},
	pages = {57--70},
	volume = {2},
	journaltitle = {Estranhar Pessoa},
	author = {Amado, Nuno},
	date = {2015},
}

@book{contini_esercizi_1974,
	location = {Torino},
	title = {Esercizi di lettura sopra autori contemporanei con un'appendice su testi non contemporanei.},
	publisher = {Einaudi},
	author = {Contini, Gianfranco},
	date = {1974},
}

@article{gagliardi_uma_2004,
	title = {Uma {Girândola} para o {Riso}: {A} {Rejeição} de {Fernando} {Pessoa} ao {Interseccionism}},
	pages = {134--150},
	volume = {{XXI}},
	journaltitle = {Voz Lusíada},
	author = {Gagliardi, Caio},
	date = {2004},
}

@thesis{gagliardi_fernando_2005,
	location = {Campinas},
	title = {Fernando {Pessoa} ou do {Interseccionismo}.},
	institution = {Universidade Estadual de Campinas},
	type = {phdthesis},
	author = {Gagliardi, Caio},
	date = {2005},
}

@incollection{galhoz_o_1980,
	location = {Lisboa},
	title = {O {Momento} {Poético} do {Orpheu}.},
	pages = {XII--LXVII},
	booktitle = {Orpheu},
	publisher = {Ática},
	author = {Galhoz, Maria Aliete},
	date = {1980},
}

@article{gresillon_les_1988,
	title = {Les manuscrits littéraires: Le texte dans tous ses états},
	pages = {107--122},
	journaltitle = {Pratique: linguistique, littérature, didactique},
	author = {Grésillon, Almuth},
	date = {1988},
    volume = {57},
}

@book{lind_teoria_1970,
	location = {Porto},
	title = {Teoria poética de {Fernando} {Pessoa}},
	publisher = {Inova},
	author = {Lind, Georg Rudolf},
	date = {1970},
}

@incollection{martins_orpheu_1994,
	location = {Lisboa},
	title = {Orpheu {Continua}.},
	pages = {n.p.},
	booktitle = {Orpheu. Edição facsimilada.},
	publisher = {Contexto},
	author = {Martins, Fernando Cabral},
	date = {1994},
}

@article{miraglia_dia_2020,
	title = {Do `{Dia} {Triunfal}' ao {Orpheu}: {Ascensão} e queda de {Alberto} {Caeiro}.},
	pages = {366--87},
	volume = {18},
	journaltitle = {Pessoa Plural},
	author = {Miraglia, Gianluca},
	date = {2020},
}

@collection{moma_poesia_1982,
	location = {Lisboa},
	title = {A poesia de "{Orpheu}": Apresentação crítica, seleção e sugestões para a análise literária},
	publisher = {Comunicação},
	editor = {Moma, Fátma Freitas},
	date = {1982},
}

@article{pessoa_nova_1912,
	title = {A nova poesia portuguesa no seu aspecto psicológico},
	volume = {{II}},
	pages = {86--94},
	issue = {12},
	journaltitle = {A Àguia},
	author = {Pessoa, Fernando},
	date = {1912-11},
}

@article{pessoa_tabua_1928,
	title = {Tábua {Bibliográfica}},
	pages = {10},
	volume = {17},
	journaltitle = {presença},
	author = {Pessoa, Fernando},
	date = {1928},
}

@book{pessoa_cartas_1998,
	location = {Lisboa},
	title = {Cartas entre {Fernando} {Pessoa} e os directores da {Presença}.},
	publisher = {Imprensa Nacional-Casa Moeda},
	author = {Pessoa, Fernando},
	editor = {Martines, E.},
	date = {1998},
}

@book{pessoa_little_2006,
	location = {London},
	title = {A {Little} {Larger} {than} the {Entire} {Universe}. {Selected} {Poems}},
	publisher = {Penguin Books},
	author = {Pessoa, Fernando},
	editor = {Zenith, Richard},
	date = {2006},
}

@book{pessoa_sensacionismo_2009,
	location = {Lisboa},
	title = {Sensacionismo e outros ismos},
	publisher = {Imprensa Nacional-Casa Moeda},
	author = {Pessoa, Fernando},
	editor = {Pizarro, J.},
	date = {2009},
}

@book{pessoa_eu_2013,
	location = {Lisboa},
	title = {Eu {Sou} {Uma} {Antologia}: 136 autores fictícios},
	publisher = {Tinta da China},
	author = {Pessoa, Fernando},
	editor = {Pizarro, J. and Ferrari, P.},
	date = {2013},
}

@book{pessoa_sobre_2015,
	location = {Porto},
	title = {Sobre {Orpheu} e o {Sensacionismo}.},
	publisher = {Assírio \& Alvim},
	author = {Pessoa, Fernando},
	editor = {Martins, Fernando Cabral and Zenith, Richard},
	date = {2015},
}

@book{pessoa_mensagem_2018,
	location = {Lisboa},
	title = {Mensagem e {Poemas} {Publicados} em {Vida}.},
	publisher = {Imprensa Nacional-Casa Moeda},
	author = {Pessoa, Fernando},
	date = {2018},
}

@book{rocha_revistas_1985,
	location = {Lisboa},
	title = {Revistas {Literárias} do {Século} {XX} em {Portugal}},
	publisher = {Imprensa Nacional-Casa Moeda},
	author = {Rocha, Clara},
	date = {1985},
}

@article{rui_nos_2015,
	title = {Nos bastidores do "{Drama} em {Gente}": Estapas da {Evolução} dos {Heterónimos} à luz da correspondência órfica},
	pages = {132--159},
	volume = {7},
	journaltitle = {Pessoa Plural},
	author = {Rui, Sousa},
	date = {2015},
}

@book{zenith_pessoa_2021,
	location = {New York},
	title = {Pessoa. {A} {Biography}},
	publisher = {Liveright Publishing Corporation},
	author = {Zenith, Richard},
	date = {2021},
}

@book{morna_poesia_1982,
	location = {Lisboa},
	title = {A poesia de "{Orpheu}": apresentação crítica, seleção e sugestões para a análise literária},
	publisher = {Comunicação},
	author = {Morna, Fátima Freitas},
	date = {1982},
}

@book{pessoa_poems_1986,
	location = {New York, Ny.},
	title = {Poems of {Fernando} {Pessoa}},
	publisher = {The Ecco Press},
	author = {Pessoa, Fernando},
	translator = {Honig, E. and Brown, S.M.},
	date = {1986},
}

@article{sousa_nos_2015,
	title = {Nos bastidores do "{Drama} em {Gente}": estapas da {Evolução} dos {Heterónimos} à luz da correspondência órfica},
	volume = {7},
	pages = {132--159},
	journaltitle = {Pessoa Plural},
	author = {Sousa, Rui},
	date = {2015},
}

