
@incollection{venturini_actor-network_2019,
	location = {Princeton, Nj.},
	title = {Actor-Network versus Network Analysis versus Digital Networks: Are We Talking about the Same Networks?},
	pages = {510--24},
	booktitle = {{digitalSTS}: A Field Guide for Science \& Technology Studies},
	publisher = {Princeton University Press},
	author = {Venturini, Tommaso and Munk, Anders Kristian and Jacomy, Mathieu},
	editor = {Vertesi, Janet and Ribes, David},
	date = {2019},
	doi = {10.1515/9780691190600-034},
}

@article{cummings_world_2019,
	title = {A World of Difference: Myths and Misconceptions about the {TEI}},
	volume = {34},
	doi = {10.1093/llc/fqy071},
	pages = {i58--79},
	issue = {Supplement\_1},
	journaltitle = {Digital Scholarship in the Humanities},
	author = {Cummings, James},
	date = {2019-12},
}

@article{acker_data_2019,
	title = {Data Cultures, Culture as Data –– Special Issue of Cultural Analytics},
	doi = {10.22148/16.035},
	journaltitle = {Journal of Cultural Analytics},
	author = {Acker, Amelia and Clement, Tanya},
	date = {2019},
    pages = {1-8},
    issue = {10 April},
}

@article{berners-lee_semantic_2001,
	title = {The Semantic Web: A New Form of Web Content That Is Meaningful to Computers Will Unleash a Revolution of New Possibilities},
	volume = {284},
	url = {https://static.scientificamerican.com/sciam/cache/file/394EDA92-D03F-4110-B5AA4465CE486800.pdf},
	number = {5},
	journaltitle = {Scientific American},
	author = {Berners-Lee, Tim and Hendler, James and Lassila, Ora},
	date = {2001},
	urldate = {2023-06-30},
    pages = {34--43},
}

@book{stead_crminf_2015,
	edition = {Version 0.7},
	title = {{CRMinf}: the Argumentation Model: An Extension of {CIDOC}-{CRM} to support argumentation},
	publisher = {Paveprime},
	editor = {Stead, {Stephen et al.}},
    editortype = {editors},
	date = {2015},
    location = {Purley},
    url = {https://www.cidoc-crm.org/crminf/ModelVersion/version-0.7},
    urldate = {2023-06-30},
}

@incollection{mahoney_historical_2006,
	location = {Oxford},
	title = {Historical Context and Path Dependence},
	pages = {454–71},
	booktitle = {The Oxford Handbook of Contextual Political Analysis},
	publisher = {Oxford University Press},
	author = {Mahoney, James and Schensul, Daniel},
	editor = {Goodin, Robert and Tilly, Charles},
	date = {2006},
	doi = {10.1093/oxfordhb/9780199270439.003.0024},
}

@incollection{spadini_introduction_2021,
	location = {Norderstedt},
	title = {Introduction},
	url = {https://kups.ub.uni-koeln.de/54577/},
	series = {Schriften des Instituts für Dokumentologie und Editorik},
	pages = {1--6},
	number = {15},
	booktitle = {Graph Data-Models and Semantic Web Technologies in Scholarly Digital Editing},
	publisher = {Books on Demand},
	author = {Spadini, Elena and Tomasi, Francesca},
	editor = {Spadini, Elena and Tomasi, Francesca and Vogeler, Georg},
	date = {2021},
}

@incollection{burrows_transforming_2021,
	location = {Norderstedt},
	title = {Transforming {TEI} Manuscript Descriptions into {RDF} Graphs},
	url = {https://kups.ub.uni-koeln.de/54577/},
	series = {Schriften des Instituts für Dokumentologie und Editorik},
	pages = {143--154},
	number = {15},
	booktitle = {Graph Data-Models and Semantic Web Technologies in Scholarly Digital Editing},
	publisher = {Books on Demand},
	author = {Burrows, Toby and Holford, Matthew and Lewis, David and Morrison, Andrew and Page, Kevin and Velios, Athanasios},
	editor = {Spadini, Elena and Tomasi, Francesca and Vogeler, Georg},
	date = {2021},
}

@incollection{sippl_modelling_2021,
	location = {Norderstedt},
	title = {Modelling Cross-Document Interdependencies in Medieval Charters of the St. Katharinenspital in Regensburg},
	url = {https://kups.ub.uni-koeln.de/54577/},
	series = {Schriften des Instituts für Dokumentologie und Editorik},
	pages = {181--203},
	number = {15},
	booktitle = {Graph Data-Models and Semantic Web Technologies in Scholarly Digital Editing},
	publisher = {Books on Demand},
	author = {Sippl, Colin and Burghardt, Manuel and Wolff, Christian},
	editor = {Spadini, Elena and Tomasi, Francesca and Vogeler, Georg},
	date = {2021},
}

@incollection{munnich_scholarly_2021,
	location = {Norderstedt},
	title = {Scholarly Music Editions as Graph: Semantic Modelling of the Anton Webern Gesamtausgabe},
	url = {https://kups.ub.uni-koeln.de/54577/},
	series = {Schriften des Instituts für Dokumentologie und Editorik},
	pages = {155--180},
	number = {15},
	booktitle = {Graph Data-Models and Semantic Web Technologies in Scholarly Digital Editing},
	publisher = {Books on Demand},
	author = {Münnich, Stefan and Ahrend, Thomas},
	editor = {Spadini, Elena and Tomasi, Francesca and Vogeler, Georg},
	date = {2021},
}

@book{historical_network_research_and_graphs__networks_in_the_humanities_graphnr_2023,
	location = {Mainz},
	title = {{GrapHNR} 2023: Graphs and Networks in the Fourth Dimension –– Time and Temporality as Categories of Connectedness},
	publisher = {Academy of Sciences {and} Literature {\textbar} Mainz {and} Leibniz Institute of European History},
	author = {{Historical Network Research} and {Graphs \& Networks in the Humanities}},
	date = {2023},
}

@online{institute_of_documentary_and_scholarly_editing_schriftenreihe_2023,
	title = {Schriftenreihe ({SIDE})},
	url = {https://www.i-d-e.de/publikationen/schriften},
	titleaddon = {Berlin: Institute of Documentology and Scholarly Editing –– Brandenburg Academy of Sciences and Humanities},
	author = {{Institute of Documentary and Scholarly Editing}},
	urldate = {2024-11-30},
	date = {2023},
}


@collection{tei_consortium_tei_2007,
	location = {Paris},
	title = {{TEI} P5: Guidelines for Electronic Text Encoding and Interchange},
	url = {https://tei-c.org/release/doc/tei-p5-doc/en/html/index.html},
	publisher = {{TEI} Consortium, hosted by Huma-Num},
	editor = {{{TEI} Consortium}},
	urldate = {2024-11-30},
	date = {2007},
	note = {Version 4.8.1. Last updated 1 November 2024.},
    editortype = {editors},
}


@online{tei_consortium_history_2023,
	title = {History},
	titleaddon = {Paris: {TEI} Consortium, hosted by Huma-Num},
	editor = {{{TEI} Consortium}},
    editortype = {editors},
	date = {2023},
	url = {https://tei-c.org/about/history},
    urldate = {2023-06-30},
}