
@article{avril_notes_1964,
	title = {Notes sur quelques manuscrits bénédictins normands du {XIe} et du {XIIe} siècle},
	volume = {76-77},
	journal = {Mélanges de l'école française de Rome},
	author = {Avril, François},
	year = {1964},
	publisher = {Persée-Portail des revues scientifiques en SHS},
	pages = {491--525, 289--98.},
}

@incollection{bates_robert_2012,
	address = {Woodbridge},
	title = {Robert of {Torigni} and the {Historia} {Anglorum}},
	booktitle = {The {English} and their {Legacy}, 900-1200.  {Essays} in {Honour} of {Ann} {Williams}},
	publisher = {Boydell Press},
	author = {Bates, David},
	editor = {Roffe, D.},
	year = {2012},
}

@article{bisson_scripts_2019,
	title = {The {Scripts} of {Robert} of {Torigni}: {Some} {Notes} of {Conjectural} {History}},
	shorttitle = {The {Scripts} of {Robert} of {Torigni}},
	url = {https://journals.openedition.org/tabularia/3938},
	urldate = {2023-03-30},
	journal = {Tabularia. Sources écrites des mondes normands médiévaux},
	author = {Bisson, Thomas N.},
	year = {2019},
	publisher = {CRAHAM-Centre Michel de Boüard},
}

@online{noauthor_digitised_nodate,
	title = {Digitised Manuscripts: Cotton {MS} Nero D {VIII}, fols. 146v-147r},
	url = {http://www.bl.uk/manuscripts/FullDisplay.aspx?ref=Cotton_MS_Nero_D_VIII},
	titleaddon = {British Library},
	urldate = {2023-03-30},
}

@incollection{pohl_monastic_2017,
	address = {Leiden \& Boston, Ma.},
	title = {The {Monastic} {Library} at {Le} {Bec}},
	booktitle = {A {Companion} to the {Abbey} of {Le} {Bec} in the {Central} {Middle} {Ages} (11th–13th {Centuries})},
	publisher = {Brill},
	author = {Cleaver, Laura},
	editor = {Pohl, Benjamin and Gathagan, Laura},
	year = {2017},
	pages = {172--205},
}


@incollection{cleaver_autograph_2018,
	address = {Woodbridge},
	title = {Autograph {History} {Books} in the {Twelfth} {Century}},
	booktitle = {Writing {History} in the {Anglo}-{Norman} {World}: {Manuscripts}, {Makers} and {Readers}, c. 1066-c.1250.},
	publisher = {Boydell \& Brewer},
	author = {Cleaver, Laura},
	editor = {Cleaver, Laura and Worm, Andrea},
	year = {2018},
	pages = {93--112},
}

@book{coates_english_1999,
    author = {Coates, Alan},
    title = {English {Medieval} {Books}: {The} {Reading} {Abbey} {Collections} from {Foundation} to {Dispersal}},
    publisher = {Clarendon Press},
    address = {Oxford},
    year = {1999},
}

@book{crick_historia_1989,
    author = {Crick, Julia},
    title = {The {Historia} {Regum} {Britannie} of {Geoffrey} of {Monmouth} III. {A} {Summary} {Catalogue} of the {Manuscripts}},
    publisher = {Boydell \& Brewer},
    address = {Woodbridge},
    year = {1989},
}

@book{crick_historia_1991,
	address = {Woodbridge},
	title = {The {Historia} regum {Britannie} of {Geoffrey} of {Monmouth}, {IV}. {Dissemination} and reception in the later {Middle} {Ages}},
	publisher = {DS Brewer},
	author = {Crick, Julia C.},
	year = {1991},
}

@article{dumville_early_1985,
	title = {An {Early} {Text} of {Geoffrey} of {Monmouth}'s {Historia} {Regum} {Britanniae} and the circulation of some {Latin} histories in twelfth-century {Normandy}},
	volume = {4},
	journal = {Arthurian Literature},
	author = {Dumville, David N.},
	year = {1985},
	pages = {1--36},
}

@article{hermans_history_1983,
	title = {The {History} of a {Membrum} {Disiectum} of the {Gesta} {Normannorum} {Ducum}, now {Vatican}, {Reg}. {Lat}. 733 fol. 51},
	volume = {44-45},
	journal = {Mededelingen van het Nederlands Instituut te Rome},
	author = {Hermans, Jos M. M. and Van Houts, Elizabeth M. C.},
	year = {1983},
	pages = {79--94},
}

@incollection{overgaauw_comment_2013,
	address = {Turnhout},
	series = {Bibliografia},
	title = {Comment reconnaître un autographe du moyen âge?},
	volume = {36},
	booktitle = {Medieval {Autograph} {Manuscripts}},
	publisher = {Brepols},
	author = {Overgaauw, Eef},
	editor = {Golob, Natasa},
	year = {2013},
	pages = {3--15},
}

@article{pohl_abbas_2014,
	title = {Abbas qui et scriptor? {The} {Handwriting} of {Robert} of {Torigni} and {His} {Scribal} {Activity} as {Abbot} of {Mont}-{Saint}-{Michel} (1154–1186)},
	volume = {69},
	shorttitle = {Abbas qui et scriptor?},
	journal = {Traditio},
	author = {Pohl, Benjamin},
	year = {2014},
	publisher = {Cambridge University Press},
	pages = {45--86},
}

@incollection{pohl_robert_2018,
	address = {Leiden \& Boston, Ma.},
	title = {Robert of {Torigni} and {Le} {Bec}: the Man and the Myth},
	shorttitle = {Robert of {Torigni} and {Le} {Bec}},
	booktitle = {A {Companion} to the {Abbey} of {Le} {Bec} in the {Central} {Middle} {Ages} (11th–13th {Centuries})},
	publisher = {Brill},
	author = {Pohl, Benjamin},
	editor = {Pohl, Benjamin and Gathagan, Laura L.},
	year = {2018},
	pages = {94--124},
}

@article{rouse_vocabulary_1990,
	title = {The Vocabulary of Wax Tablets},
	volume = {1},
	number = {3},
	journal = {Harvard Library Bulletin},
	author = {Rouse, Richard H. and Rouse, Mary A.},
	year = {1990},
	publisher = {Harvard Library},
	pages = {12--19},
}

@incollection{rouse_potens_1991,
	address = {Notre Dame},
	title = {‘{Potens} in opere et sermone’: {Philip}, {Bishop} of {Bayeux}, and {His} {Books}},
	booktitle = {Authentic {Witnesses}: {Approaches} to {Medieval} {Texts} and {Manuscripts}},
	publisher = {University of Notre Dame Press},
	author = {Rouse, Mary A. and Rouse, Richard Hunter},
	editor = {Rouse, Mary A. and Rouse, Richard Hunter},
	year = {1991},
	pages = {35--59},
}

@article{stirnemann_two_1993,
	title = {Two {Twelfth}-{Century} {Bibliophiles} and {Henry} of {Huntingdon}'s {Historia} {Anglorum}},
	volume = {24},
	journal = {Viator},
	author = {Stirnemann, Patricia},
	year = {1993},
	publisher = {Brepols Publishers},
	pages = {121--142},
}

@incollection{thomson_monastic_2008,
	address = {Cambridge},
	title = {Monastic and Cathedral Book Production},
	booktitle = {The {Cambridge} {History} of the {Book} in {Britain}, {Volume} {II}, 1100-1400},
	publisher = {Cambridge University Press},
	author = {Thomson, Rodney M.},
	editor = {Morgan, Nigel and Thomsom, Rodney M.},
	year = {2008},
	pages = {136--167},
}

@incollection{van_houts_robert_1989,
	address = {Woodbridge},
	title = {Robert of {Torigni} as Genealogist},
	booktitle = {Studies in {Medieval} {History} {Presented} to {R}. {Allen} {Brown}},
	publisher = {Boydell Press},
	author = {Van Houts, Elisabeth},
	editor = {Harper-Bill, Christopher and Holdsworth, C. J. and Nelson, Janet L.},
	year = {1989},
	pages = {215--234},
}

@incollection{van_houts_writing_2018,
	address = {Leiden \& Boston, Ma.},
	title = {The Writing of History at {Le} {Bec}},
	booktitle = {A {Companion} to the {Abbey} of {Le} {Bec} in the {Central} {Middle} {Ages} (11th–13th {Centuries})},
	publisher = {Brill},
	author = {Van Houts, Elisabeth},
	editor = {Pohl, Benjamin and Gathagan, Laura L.},
	year = {2018},
	pages = {125--143},
}

@article{webber_monastic_2008,
	title = {Monastic and Cathedral Book Collections in the Late Eleventh and Twelfth Centuries},
	volume = {1},
	journal = {The Cambridge History of Libraries in Britain and Ireland},
	author = {Webber, Teresa},
	editor = {Leedham-Green, Elisabeth and Webber, Teresa},
	year = {2008},
	pages = {109--125},
}

@incollection{weston_manuscripts_2017,
	title = {Manuscripts and {Book} {Production} at {Le} {Bec}},
	booktitle = {A {Companion} to the {Abbey} of {Le} {Bec} in the {Central} {Middle} {Ages} (11th–13th {Centuries})},
	publisher = {Brill},
	author = {Weston, Jenny},
	editor = {Pohl, Benjamin and Gathagan, Laura L.},
	year = {2017},
	pages = {144--170},
}

@book{van_houts_gesta_1992,
	address = {Oxford},
	title = {The {Gesta} {Normannorum} {Ducum} of {William} of {Jumièges}, {Orderic} {Vitalis}: {And} {Robert} of {Torigni}},
	volume = {1},
	shorttitle = {The {Gesta} {Normannorum} {Ducum} of {William} of {Jumièges}, {Orderic} {Vitalis}},
	publisher = {Oxford University Press},
	author = {of Jumièges, William and Vitalis, Orderic and of Torigni, Robert},
	editor = {Van Houts, Elisabeth MC},
	translator = {Van Houts, Elizabeth M. C.},
	year = {1992},
}

@book{lieftinck_manuscrits_1964,
	location = {Amsterdam},
	title = {Manuscrits datés conservés dans les Pays-Bas. Catalogue paléographique des manuscrits en écriture latine portant des indications de date. T. 1: Les manuscrits d'origine étrangère (816-c. 1550)},
	publisher = {North-Holland Publishing Company},
	author = {Lieftinck, G.I.},
	date = {1964},
}

@unpublished{noauthor_reading_nodate,
	location = {British Library (London)},
	title = {The Reading Abbey Cartulary},
    note = {Egerton MS 3031},
}
