
@incollection{italia_italian_nodate,
	location = {Amsterdam},
	title = {{Italian} Tradition. From {Humanism} to Authorial Philology},
	booktitle = {Comparative {History} of the {Literary} {Draft} in {Europe}},
	publisher = {John Benjamins Publishing Company},
	author = {Italia, Paola},
	editor = {Beloborodova, Olga and Van Hulle, Dirk},
    year = {2024},
    pages = {190-205}
}

@collection{italia_what_2021,
	title = {What is {Authorial} {Philology}?},
	publisher = {Open Book Publishers},
	editor = {Italia, Paola and Raboni, Giulia},
    location = {Cambridge},
	date = {2021},
	doi = {10.11647/obp.0224},
}

@incollection{italia_alle_2018,
	location = {Roma},
	title = {Alle origini della filologia d’autore. {L}’edizione del “codice degli abbozzi” di {Federico} {Ubaldini},},
	shorttitle = {Alle origini della filologia d'autore},
	pages = {379-398},
	booktitle = {La filologia nel {Rinascimento}},
	publisher = {Edizioni di Storia e Letteratura},
	author = {Italia, Paola},
	editor = {Caruso, Carlo and Russo, Emilio},
	date = {2018},
}

@article{motolese_autografi_2014,
	title = {The {Autografi} dei Letterati Italiani Project},
	volume = {11},
	pages = {205--215},
	issue = {1},
	journaltitle = {Ecdotica},
	author = {Motolese, Matteo and Russo, Emilio},
	date = {2014},
	publisher = {Società editrice il Mulino},
}

@incollection{italia_alle_nodate,
	title = {Alle origini della critica degli scartafacci},
	booktitle = {Gli scartafacci degli scrittori. I sentieri della creazione letteraria in Italia (secc. XIV-XIX)},
	publisher = {Carocci},
    location = {Roma},
	author = {Italia, Paola},
	editor = {Del Vento, Christian and Musitelli, Pierre},
    year = {2022},
    pages = {53-85}
}

@book{petrucci_letteratura_2017,
	location = {Roma},
	title = {Letteratura Italiana: Una storia attraverso la scrittura},
	shorttitle = {Letteratura italiana},
	author = {Petrucci, Armando},
	date = {2017},
    publisher ={Carocci}
}

@book{italia_come_2017,
	location = {Roma},
	title = {Come lavorava {Gadda}},
	publisher = {Carocci},
	author = {Italia, Paola},
	date = {2017},
}

@book{italia_dans_2022,
	location = {Paris},
	title = {Dans l’atelier de {Carlo} {Emilio} {Gadda}},
	publisher = {Hermann},
	author = {Italia, Paola},
	editor = {Riffard, Claire},
	date = {2022},
}

@book{italia_io_2003,
	location = {Prato},
	title = {Io sono un archiviòmane},
	publisher = {Settegiorni},
	author = {Italia, Paola},
	date = {2003},
}

@book{falkoff_possessed_2021,
	title = {Possessed: {A} Cultural History of Hoarding},
	shorttitle = {Possessed},
	publisher = {Cornell University Press},
	author = {Falkoff, Rebecca R.},
	date = {2021},
    location = {Ithaca, Ny.},
}

@inbook{isella_nota_1983,
	location = {Torino},
	title = {Nota al testo},
	pages = {I-XXXV},
	booktitle = {Racconto {Italiano} di ignoto del {Novecento}},
	publisher = {Einaudi},
	author = {Isella, Dante},
	bookauthor = {Gadda, Carlo Emilio},
	editor = {Isella, Dante},
	date = {1983},
}

@book{albonico_autore_2015,
	location = {Roma},
	title = {L'{Autore} e il suo {Archivio}},
	publisher = {Officina Libraria},
	author = {Albonico, Simone Enrico and Scaffai, Nicollo},
	date = {2015},
	publisher = {Officina Libraria},
}

@book{gadda_eros_2016,
	location = {Milano},
	title = {Eros e {Priapo}. {Original} version},
	publisher = {Adelphi},
	author = {Gadda, Carlo Emilio},
	editor = {Italia, Paola and Pinotti, Giorgio},
	date = {2016},
}

@book{mussolini_discorsi_1926,
	location = {Milano},
	title = {I discorsi del 1925},
	publisher = {Alpes},
	author = {Mussolini, Benito},
	date = {1926},
}

@incollection{italia_lo_2019,
	location = {Roma},
	title = {Lo scrittoio di {Leopardi}},
	pages = {227--242},
	booktitle = {Leopardi},
	publisher = {Carocci},
	author = {Italia, Paola},
	editor = {D'Intino, Franco and Natale, Massimo},
	date = {2019},
}

@article{giuffrida_print_2021,
	title = {From Print to Digital: {A} Web Edition of {Giacomo} {Leopardi}’s {Idilli}},
	doi = {https://doi.org/10.1093/llc/fqaa022},
	shorttitle = {From print to digital},
	pages = {i23--i36},
	volume = {36},
	journaltitle = {Digital Scholarship in the Humanities},
	author = {Giuffrida, Milena and Italia, Paola and Nieddu, Simone and Schmidt, Desmond},
	date = {2021},
	publisher = {Oxford University Press},
}

@incollection{gianfranco_come_1974,
	location = {Torino},
	title = {Come lavorava l’{Ariosto}},
	pages = {233},
	booktitle = {Esercizî di lettura sopra autori contemporanei, con un’appendice su testi non contemporanei},
	publisher = {Einaudi},
	author = {Gianfranco, Contini},
	date = {1974},
}

@article{italia_aux_2019,
	title = {Aux origines de la “{Critique} des brouillons"},
	pages = {47--59},
	volume = {49},
	journaltitle = {Genesis},
	author = {Italia, Paola},
	date = {2019},
}

@book{leopardi_canti_2009,
	location = {Firenze},
	edition = {Critical Edition},
	title = {Canti e {Poesie} Disperse ({Songs} and Scattered Poems)},
	publisher = {Presso l’Accademia della Crusca},
	author = {Leopardi, Giacomo},
	editor = {Gavazzeni, Franco},
	date = {2009},
}

@article{brancato_vasto_2021,
	title = {{VaSto}: un’edizione digitale interdisciplinare},
	volume = {2},
	url = {https://edizionicafoscari.unive.it/it/edizioni4/riviste/magazen/2021/1/vasto-unedizione-digitale-interdisciplinare/},
	issue = {1},
	journaltitle = {magazén},
	author = {Brancato, Dario and Corbellini, Milena and Italia, Paola and Pasqual, Valentina and Priore, Roberta},
	date = {2021-06},
}

@incollection{brugnolo_incunabula_2021,
	location = {Tempe, {AZ}.},
	title = {Incunabula of the {Genetic} {Edition}: {Petrarch} between {Ubaldini} and {Appel} ({Seen} from up {Close})},
	series = {Medieval and Renaissance Texts and Studies},
	pages = {149--172},
	booktitle = {Petrarch and {His} {Legacies}},
	publisher = {{ACMRS} Press},
	author = {Brugnolo, Furio},
	editor = {Livorni, Ernesto and Todorovic, Jelena},
	date = {2021},
}

@book{gadda_lettere_1988,
	location = {Milano},
	title = {Lettere a {Gianfranco} {Contini}: A cura del destinatario},
	publisher = {Garzanti},
	author = {Gadda, Carlo Emilio},
	date = {1988},
}

@incollection{giuffrida_edizione_2016,
	location = {Roma},
	title = {L'edizione {Wiki} {Gadda}: Per una filologia   sostenibile},
	url = {https://www.editricesapienza.it/sites/default/files/5369_Italia_Bonsi_EdizioniCriticheDigitali.pdf},
	series = {Studi Umanistici. Serie Philologica},
	pages = {105--125},
	booktitle = {Edizioni {Critiche} {Digitali} / {Digital} {Critical} {Editions}. {Edizioni} a Confronto / {Comparing} {Editions}.},
	publisher = {Sapienza Università Editrice},
	author = {Giuffrida, Milena and Italia, Paola and Pinotti, Giorgio},
	editor = {Italia, Paola and Bonsi, Claudia},
	date = {2016},
}

@online{gadda_eros_2004,
	title = {Eros e {Priapo}. {Capitoli} I-{III}},
	rights = {copyright 2004-2023 by Garzanti \& {EJGS}.},
	url = {https://www.gadda.ed.ac.uk/Pages/resources/essays/eros1-3.php},
	titleaddon = {The Edinburgh Journal of Gadda Studies},
	author = {Gadda, Carlo Emilio},
	urldate = {2023-04-29},
	date = {2004},
}

@book{contini_esercizi_1974,
	location = {Torino},
	title = {Esercizî di lettura sopra autori contemporanei, con un'appendice su testi non contemporanei.},
	publisher = {Einaudi},
	author = {Contini, Gianfranco},
	date = {1974},
}
