
@book{arber_herbals_1953,
	address = {Cambridge},
	title = {Herbals: {Their} {Origin} and {Evolution}. {A} {Chapter} in the {History} of {Botany} 1470-1670},
	publisher = {Cambridge University Press},
	author = {Arber, Agnes},
	year = {1953},
}

@article{barbierato_writing_2011,
	title = {Writing, {Reading}, {Writing}: {Scribal} {Culture} and {Magical} {Texts} in {Early} {Modern} {Venice}},
	volume = {66},
	shorttitle = {Writing, {Reading}, {Writing}},
	number = {2},
	journal = {Italian Studies},
	author = {Barbierato, Federico},
	year = {2011},
	publisher = {Taylor \& Francis},
	pages = {263--276},
}

@article{barlow_old_1913,
	title = {Old {English} {Herbals}, 1525-1640},
	volume = {6},
	journal = {Proceedings of the Royal Society of Medicine},
	author = {Barlow, H.M.},
	year = {1913},
	pages = {108--149},
}

@incollection{baron_vard2_2008,
	address = {Birmingham},
	title = {{VARD2}: {A} tool for {Dealing} with {Spelling} {Variation} in {Historical} {Corpora}},
	shorttitle = {{VARD2}},
	booktitle = {Proceedings of the {Postgraduate} {Conference} in {Corpus} {Linguistics}},
	publisher = {Aston University},
	author = {Baron, Alistair and Rayson, Paul},
	year = {2008},
}

@book{beal_dictionary_2008,
	address = {Oxford},
	title = {A {Dictionary} of {English} {Manuscript} {Terminology}: 1450 to 2000},
	shorttitle = {A {Dictionary} of {English} {Manuscript} {Terminology}},
	publisher = {Oxford University Press},
	author = {Beal, Peter},
	year = {2008},
}

@article{bela_authorship_2016,
	title = {The {Authorship} of the {Secrets} of {Alexis} of {Piedmont} ({Venice}, 1555)},
	volume = {1},
	number = {61},
	journal = {Kwartalnik Historii Nauki i Techniki},
	author = {Bela, Zbigniew},
	year = {2016},
	publisher = {Instytut Historii Nauki Polskiej Akademii Nauk},
	pages = {41--64},
}

@inreference{boulger_lyte_2004,
	title = {Lyte, Henry (1529?-1607)},
	url = {https://www.oxforddnb.com/view/10.1093/ref:odnb/9780198614128.001.0001/odnb-9780198614128-e-17301},
	booktitle = {Oxford Dictionary of National Biography},
	author = {Boulger, G.S. and {McConnel}, Anita},
	urldate = {2022-03-13},
    date = {2004},
}


@inreference{noauthor_herbal_nodate,
	title = {Herbal},
	url = {https://www.britannica.com/topic/herbal},
	booktitle = {Encyclopedia Britannica},
	urldate = {2023-02-06},
}

@inreference{britannica_herbal_2012,
	title = {Herbal},
	url = {https://www.britannica.com/topic/herbal},
	booktitle = {Encyclopedia Britannica},
	date = {2012},
	note = {Accessed February 6, 2023},
}

@article{byrne_elizabethan_1925,
	title = {Elizabethan {Handwriting} for {Beginners}},
	volume = {1},
	journal = {Review of English Studies},
	author = {Byrne, Muriel St Clare},
	year = {1925},
	publisher = {JSTOR},
	pages = {198--209},
}

@incollection{calle-martin_through_2011,
	address = {Frankfurt},
	title = {Through the {Looking} {Glass}: {The} {Palaeography} of {Benvenutus} {Grassus}’ {English} {Vernacular} {Tradition}},
	booktitle = {Benvenutus {Grassus}’ {On} the {Well}-proven {Art} of the {Eye} ({Practica} {Oculorum} and {De} {Probatissima} {Arte} {Oculorum}), as {Found} in {MSS} {Hunter} 503 and 513)},
	publisher = {Peter Lang Verlag},
	author = {Calle-Martín, Javier},
	editor = {Miranda-García, Antonio and Fernández-Corugedo, Santiago González},
	year = {2011},
	pages = {35--54},
}

@article{calle-martin_corpus-based_2021,
	title = {A {Corpus-based} {Study} of {Abbreviations} in {Early} {English} {Medical} {Writing}},
	volume = {9},
	number = {2},
	journal = {Research in Corpus Linguistics},
	author = {Calle-Martín, Javier},
	year = {2021},
	pages = {114--130},
}

@incollection{calle-martin_exploring_nodate,
	address = {Cambridge},
	title = {Exploring {Orthographic} {Distribution}},
	booktitle = {The {Cambridge} {Handbook} of {Historical} {Orthography}},
	publisher = {Cambridge University Press},
	author = {Calle-Martín, Javier and Lorente-Sánchez, Juan},
	editor = {Condorelli, Marco and Rutkowska, Hanna},
    doi = {10.1017/9781108766463},
    pages = {360--380},
    year = {2023},
}

@book{calle-martin_malaga_2016,
	address = {Málaga},
	title = {The {Malaga} {Corpus} of {Early} {Modern} {English} {Scientific} {Prose} ({MCEMESP})},
	url = {https://modernmss.uma.es},
	publisher = {University of Málaga},
	author = {Calle-Martín, Javier and Moreno-Olalla, David and Esteban-Segura, Laura and Criado-Peña, Miriam and Conde-Silvestre, Juan Camilo and Marqués-Aguado, Teresa and Fernández-Corugedo, Santiago González and Caie, Graham D. and Thaisen, Jacob and Rutkowska, Hanna and Romero-Barranco, Jesús},
	year = {2016},
}

@book{clemens_introduction_2007,
	address = {London \& Ithaca, Ny.},
	title = {Introduction to {Manuscript} {Studies}},
	publisher = {Cornell University Press},
	author = {Clemens, Raymond and Graham, Timothy},
	year = {2007},
}

@phdthesis{criado_pena_elizabeth_2019,
	title = {Elizabeth {Jacob}’s {Physicall} and {Chyrurgical} {Receipts} in {London}, {Wellcome} {Library}, {MS} 3009 (ff. 17r-90r): {Edition}, {Philological} {Study} and {Corpus} {Compilation}},
	school = {University of Málaga},
	author = {Criado Peña, Miriam},
	year = {2019},
	publisher = {UMA Editorial},
}

@book{da_rold_paper_2020,
	address = {Cambridge},
	title = {Paper in {Medieval} {England}: {From} {Pulp} to {Fictions}},
	publisher = {Cambridge University Press},
	author = {Da Rold, Orietta},
	year = {2020},
}

@book{dawson_elizabethan_1966,
	address = {New York, Ny.},
	title = {Elizabethan {Handwriting}, 1500-1650: {A} {Manual}},
	publisher = {W. W. Norton},
	author = {Dawson, Giles Edwin and Kennedy-Skipton, Laetitia},
	year = {1966},
}

@book{de_hamel_scribes_1992,
	address = {London},
	title = {Scribes and {Illuminators}},
	publisher = {British Museum Press},
	author = {De Hamel, Christopher},
	year = {1992},
}

@article{de_la_cruz_cabanillas_secrets_2020,
	title = {"{The} {Secrets} of {Alexis}" in {Glasgow} {University} {Library} {MS} {Ferguson} 7},
	number = {30},
	journal = {SEDERI: Yearbook of the Spanish and Portuguese Society for English Renaissance Studies},
	author = {de la Cruz Cabanillas, Isabel},
	year = {2020},
	publisher = {Sociedad Hispano-Portuguesa de Estudios Renacentistas Ingleses= Sociedade …},
	pages = {29--46},
}

@article{de_la_cruz-cabanillas_abbreviations_2018,
	title = {Abbreviations in {Medieval} {Medical} {Manuscripts}},
	volume = {23},
	journal = {SELIM. Journal of the Spanish Society for Medieval English Language and Literature.},
	author = {De la Cruz-Cabanillas, Isabel and Diego-Rodríguez, Irene},
	year = {2018},
	pages = {163--183},
}

@book{denholm-young_handwriting_1954,
	address = {Cardiff},
	title = {Handwriting in {England} and {Wales}},
	publisher = {University of Wales Press},
	author = {Denholm-Young, Noel},
	year = {1954},
	publisher = {University of Wales Press},
}

@book{derolez_palaeography_2003,
	address = {Cambridge},
	title = {The {Palaeography} of {Gothic} {Manuscript} {Books}: {From} the {Twelfth} to the {Early} {Sixteenth} {Century}},
	shorttitle = {The {Palaeography} of {Gothic} {Manuscript} {Books}},
	publisher = {Cambridge University Press},
	author = {Derolez, Albert},
	year = {2003},
}

@book{dodoens_niewe_1578,
	address = {London},
	title = {A {Niewe} {Herball}, or {Historie} of {Plantes}: wherin is contayned the whole discourse and perfect description of all sortes of {Herbes} and {Plantes}},
	shorttitle = {A {Niewe} {Herball}, or {Historie} of {Plantes}},
	publisher = {Gerard Dewes},
	author = {Dodoens, Rembert},
	translator = {Lyte, Henry},
	year = {1578},
}

@article{elliott_world_2011,
	title = {The {World} of the {Renaissance} {Herbal}},
	volume = {25},
	number = {1},
	journal = {Renaissance Studies},
	author = {Elliott, Brent},
	year = {2011},
	publisher = {Wiley Online Library},
	pages = {24--41},
}

@book{fairbank_renaissance_1960,
	address = {London},
	title = {Renaissance {Handwriting}: {An} {Anthology} of {Italian} {Scripts}},
	shorttitle = {Renaissance {Handwriting}},
	publisher = {{Faber and Faber}},
	author = {Fairbank, Alfred and Wolpe, Berthold},
	year = {1960},
}

@incollection{garside_claws_1987,
	address = {London},
	title = {The {CLAWS} {Word}-{Tagging} {System}},
	booktitle = {The {Computational} {Analysis} of {English}: {A} {Corpus}-based {Approach}},
	publisher = {Longman},
	author = {Garside, Roger},
	editor = {Garside, Roger and Leech, Geoffrey and Sampson, Geoffrey},
	year = {1987},
	pages = {30--41},
}

@incollection{garside_hybrid_1997,
	address = {London},
	title = {A {Hybrid} {Grammatical} {Tagger}: {CLAWS} 4},
	shorttitle = {A {Hybrid} {Grammatical} {Tagger}},
	booktitle = {Corpus {Annotation}: {Linguistic} information from computer text corpora},
	publisher = {Longman},
	author = {Garside, Roger},
	editor = {Garside, Roger and Leech, Geoffrey and McEnery, Tony},
	year = {1997},
	pages = {102--121},
}

@book{greetham_textual_1994,
	address = {New York, Ny. \& London},
	title = {Textual Scholarship: {An} Introduction},
	publisher = {Garland Publishing},
	author = {Greetham, David C.},
	year = {1994},
}

@article{gruijs_codicology_1972,
	title = {Codicology or the {Archaeology} of the {Book}? {A} {False} {Dilemma}},
	volume = {2},
	shorttitle = {Codicology or the {Archaeology} of the {Book}?},
	number = {2},
	journal = {Quaerendo},
	author = {Gruijs, Albert},
	year = {1972},
	publisher = {Brill},
	pages = {87--108},
}

@book{hunt_plant_1989,
	address = {Suffolk},
	title = {Plant {Names} of {Medieval} {England}},
	publisher = {St Edmundsbury Press},
	author = {Hunt, Tony},
	year = {1989},
}

@article{jenkinson_use_1926,
	title = {The {Use} of {Arabic} and {Roman} {Numerals} in {English} {Archives}},
	volume = {6},
	number = {3},
	journal = {The Antiquaries Journal},
	author = {Jenkinson, Hilary},
	year = {1926},
	publisher = {Cambridge University Press},
	pages = {263--275},
}

@book{jenkinson_later_1927,
	address = {Cambridge},
	title = {The {Later} {Court} {Hands} in {England} from the {Fifteenth} to the {Seventeenth} {Century}.},
	publisher = {Cambridge University Press},
	author = {Jenkinson, Hilary},
	year = {1927},
}

@book{johnston_writing_1944,
	address = {New York, Ny. \& Chicago, Il.},
	title = {Writing and {Illuminating}, and {Lettering}},
	publisher = {Pitman Publishing Corporation},
	author = {Johnston, Edward},
	year = {1944},
}

@incollection{mathisen_palaeography_2008,
	address = {Oxford},
	title = {Palaeography and {Codicology}},
	booktitle = {The {Oxford} {Handbook} of {Early} {Christian} {Studies}},
	publisher = {Oxford University Press},
	author = {Mathisen, Ralph W.},
	editor = {Harvey, Susan Ashbrook and Hunter, David G.},
	year = {2008},
	pages = {140--168},
}

@article{mckerrow_capital_1927,
	title = {The {Capital} {Letters} in {Elizabethan} {Handwriting}},
	volume = {3},
	number = {9},
	journal = {The Review of English Studies},
	author = {McKerrow, Ronald Brunlees},
	year = {1927},
	pages = {28--36},
}

@book{moreno_olalla_lelamour_2018,
	address = {Bern},
	title = {Lelamour {Herbal} ({MS} {Sloane} 5, ff. 13r–57r). {An} {Annotated} {Critical} {Edition}.},
	publisher = {Peter Lang},
	author = {Moreno Olalla, David},
	year = {2018},
}

@article{morison_early_1943,
	title = {Early {Humanistic} {Script} and the {First} {Roman} {Type}},
	volume = {4},
	number = {1-2},
	journal = {The Library},
	author = {Morison, Stanley},
	year = {1943},
	publisher = {Oxford University Press},
	pages = {1--29},
}

@book{neville_early_2022,
	title = {Early {Modern} {Herbals} and the {Book} {Trade}: {English} {Stationers} and the {Commodification} of {Botany}},
	shorttitle = {Early {Modern} {Herbals} and the {Book} {Trade}},
	publisher = {Cambridge University Press},
	author = {Neville, Sarah},
	year = {2022},
    address = {Cambridge},
}

@article{nystrom_codicological_2014,
	title = {Codicological {Crossover}: {The} {Merging} of {Manuscript} and {Print}},
	volume = {86},
	shorttitle = {Codicological {Crossover}},
	number = {S1},
	journal = {Studia Neophilologica},
	author = {Nyström, Eva},
	year = {2014},
	publisher = {Taylor \& Francis},
	pages = {112--133},
}

@book{petti_english_1977,
	address = {Cambridge, Ma},
	title = {English {Literary} {Hands} from {Chaucer} to {Dryden}},
	publisher = {Harvard University Press},
	author = {Petti, Anthony G.},
	year = {1977},
}

@book{preston_english_1999,
	address = {Asheville, NC},
	title = {English {Handwriting}, 1400-1650: an {Introductory} {Manual}},
	shorttitle = {English handwriting, 1400-1650},
	publisher = {Pegasus Press},
	author = {Preston, Jean F. and Yeandle, Laetitia},
	year = {1999},
}

@inproceedings{rayson_vard_2005,
	address = {Birmingham University},
	title = {{VARD} versus {WORD}: {A} {Comparison} of the {UCREL} {Variant} {Detector} and {Modern} {Spellcheckers} on {English} {Historical} {Corpora}},
	shorttitle = {{VARD} versus {WORD}},
	url = {https://eprints.lancs.ac.uk/id/eprint/12686/1/cl2005_vardword.pdf},
	urldate = {2023-01-31},
	booktitle = {Corpus {Linguistics} 2005},
	author = {Rayson, Paul and Archer, Dawn and Smith, Nicholas},
	year = {2005},
}

@book{romero-barranco_late_2015,
	address = {Newcastle Upon Tyne},
	title = {The {Late} {Middle} {English} {Version} of {Constantinus} {Africanus}’ {Venerabilis} {Anatomia} in {London}, {Wellcome} {Library}, {MS} 290 (ff. 1r-41v): {Wellcome} {Library}, {MS} 290 (ff. 1r-41v). 1r-41v},
	shorttitle = {The {Late} {Middle} {English} {Version} of {Constantinus} {Africanus}’ {Venerabilis} {Anatomia} in {London}, {Wellcome} {Library}, {MS} 290 (ff. 1r-41v)},
	publisher = {Cambridge Scholars Publishing},
	author = {Romero-Barranco, Jesús},
	year = {2015},
}

@article{romero-barranco_early_2017,
	title = {Early {Modern} {English} {Scientific} {Manuscripts} in the {Hunterian} {Collection}: {A} {Physical} {Description} of {Gul}, {MS} {Hunter} 135},
	volume = {39},
	shorttitle = {Early {Modern} {English} {Scientific} {Manuscripts} in the {Hunterian} {Collection}},
	number = {1},
	journal = {Analecta Malacitana. Revista de la sección de Filología de la Facultad de Filosofía y Letras},
	author = {Romero-Barranco, Jesús},
	year = {2017},
	pages = {277--302},
}

@article{schulz_teaching_1943,
	title = {The {Teaching} of {Handwriting} in {Tudor} and {Stuart} {Times}},
	volume = {6},
	number = {4},
	journal = {The Huntington Library Quarterly},
	author = {Schulz, Herbert C.},
	year = {1943},
	publisher = {JSTOR},
	pages = {381--425},
}

@incollection{tannenbaum_handwriting_1930,
	address = {New York},
	title = {The {Handwriting} of the {Renaissance}},
	booktitle = {The {Handwriting} of the {Renaissance}},
	publisher = {Columbia University Press},
	author = {Tannenbaum, Samuel A.},
	year = {1930},
}

@online{noauthor_ferguson_nodate,
	title = {Ferguson {Collection}},
	url = {https://www.alchemywebsite.com/ferguson.html},
	note = {Accessed March 13, 2023},
	journal = {The Alchemy Website},
}

@book{thorp_glory_1987,
	address = {London},
	title = {The {Glory} of the {Page}: {Medieval} \& {Renaissance} {Illuminated} {Manuscripts} from {Glasgow} {University} {Library}},
	shorttitle = {The {Glory} of the {Page}},
	publisher = {Harvey Miller Publishers},
	author = {Thorp, Nigel},
	year = {1987},
}

@book{ferguson_bibliotheca_1906,
    author = {Ferguson, John},
    title = {Bibliotheca {Chemica}: a {Catalogue} of the {Alchemical}, {Chemical} and {Pharmaceutical} {Books} in the {Collection} of the late {James} {Young} of {Kelly} and {Durris}},
    publisher = {Maclehose},
    address = {Glasgow},
    year = {1906}
}

@online{noauthor_biography_nodate,
	title = {Biography of John Ferguson.},
	url = {https://universitystory.gla.ac.uk/biography/?id=WH2082&type=P},
	titleaddon = {University of Glasgow Story},
	urldate = {2023-03-13},
}


@inreference{weston_ferguson_2004,
	title = {Ferguson, John (1838–1916)},
	url = {http://oxforddnb.com/view/article/53857},
	booktitle = {Oxford Dictionary of National Biography},
	author = {Weston, David},
	urldate = {2023-03-13},
	date = {2004},
}
