
@book{apter_translation_2006,
	location = {Princeton, Nj. and Oxford},
	title = {The Translation Zone: A New Comparative Literature},
	publisher = {Princeton University Press},
	author = {Apter, Emily},
	date = {2006},
}

@book{capote_harpe_1952,
	location = {Paris},
	title = {La harpe d’herbes},
	publisher = {Gallimard},
	author = {Capote, Truman},
	translator = {Coindreau, Maurice-Edgar},
	date = {1952},
}

@book{casanova_world_2004,
	location = {Cambridge, Ma. and London},
	title = {The World Republic of Letters},
	publisher = {Harvard University Press},
	author = {Casanova, Pascale},
	translator = {{DeBevoise}, M. B.},
	date = {2004},
}

@book{char_ruckkehr_1984,
	location = {München and Wien},
	title = {Rückkehr stromauf},
	publisher = {Carl Hanser Verlag},
	author = {Char, René},
	translator = {Handke, Peter},
	date = {1984},
}

@article{cordingley_genetic_2015,
	title = {Genetic Translation Studies: An Emerging Discipline},
	volume = {14},
	doi = {https://doi.org/10.52034/lanstts.v14i0.399},
	pages = {1--18},
	journaltitle = {Linguistica Antverpiensia, New Series – Themes in Translation Studies},
	author = {Cordingley, Anthony and Montini, Chiara},
	date = {2015},
}

@book{kazantzakis_veljesviha_1967,
	location = {Helsinki},
	title = {Veljesviha},
	publisher = {Tammi},
	author = {Kazantzakis, Nikos},
	translator = {Villa, Kyllikki},
	date = {1967},
}

@book{marquez_one_1970,
	location = {New York, Ny.},
	title = {One Hundred Years of Solitude},
	publisher = {Harper \& Row},
	author = {Márquez, Gabriel García},
	translator = {Rabassa, Gregory},
	date = {1970},
}

@book{marquez_autumn_1975,
	location = {New York, Ny.},
	title = {The Autumn of the Patriarch},
	publisher = {Harper \& Row},
	author = {Márquez, Gabriel García},
	translator = {Rabassa, Gregory},
	date = {1975},
}

@book{marquez_chronicle_1983,
	location = {New York, Ny.},
	title = {Chronicle of a Death Foretold},
	publisher = {Knopf},
	author = {Márquez, Gabriel García},
	translator = {Rabassa, Gregory},
	date = {1983},
}

@article{Miłosz_negro_1948,
	title = {Negro Spirituals},
	volume = {26},
	pages = {4},
	journaltitle = {Nowiny Literackie},
	author = {Miłosz, Czesław},
	date = {1948},
}

@article{Miłosz_wiersze_1948,
	title = {Wiersze},
	volume = {2},
    issue = {},
	pages = {3},
	journaltitle = {Odrodzenie},
	author = {Miłosz, Czesław},
	date = {1948},
}

@book{perse_chronique_1961,
	location = {New York, Ny.},
	title = {Chronique},
	publisher = {Pantheon Books},
	author = {Perse, Saint-John},
	translator = {Fitzgerald, Robert},
	date = {1961},
}

@article{rabassa_if_1974,
	title = {If This Be Treason: Translation and Its Possibilities},
	volume = {44},
	pages = {29--39},
	number = {1},
	journaltitle = {The American Scholar},
	author = {Rabassa, Gregory},
	date = {1974/1975},
}

@book{steinbeck_souris_1939,
	location = {Paris},
	title = {Des Souris et des hommes},
	publisher = {Gallimard},
	author = {Steinbeck, John},
	translator = {Coindreau, Maurice-Edgar},
	date = {1939},
}

@article{van_hulle_translation_2015,
	title = {Translation and Genetic Criticism: Genetic and Editorial Approaches to the ‘Untranslatable’ in Joyce and Beckett},
	volume = {14},
	doi = {https://doi.org/10.52034/lanstts.v14i0.341},
	pages = {40--53},
	journaltitle = {Linguistica Antverpiensia, New Series – Themes in Translation Studies},
	author = {Van Hulle, Dirk},
    date = {2015},
}
