
@book{sokel_franz_1976,
	location = {Frankfurt am Main},
	title = {Franz Kafka, Tragik und Ironie: zur Struktur seiner Kunst},
	shorttitle = {Franz Kafka, Tragik und Ironie},
	publisher = {Fischer Taschenbuch Verlag},
	author = {Sokel, Walter H.},
	date = {1976},
}

@inbook{kafka_zur_1997,
	location = {Basel \& Frankfurt am Main},
	title = {Zur kritischen Edition von Der Process im Rahmen der Historisch-Kritischen Franz Kafka-Ausgabe},
	pages = {3--25},
	booktitle = {Franz Kafka-Hefte 1. Der Process. Historisch-kritische Ausgabe sämtlicher Handschriften, Drucke und Typoskripte},
	publisher = {Stroemfeld \& Roter Stern Verlag},
	author = {Reuß, Roland},
	bookauthor = {Kafka, Franz},
	editor = {Reuß, Roland and Staengle, Peter},
	date = {1997},
	keywords = {Facsimiles, Kafka, Franz, Manuscripts, Manuscripts Facsimiles, Manuscrits Fac-similés, Prozess, Prozess (Kafka, Franz)},
}

@book{pasley_schrift_1995,
	location = {Frankfurt am Main},
	title = {"Die Schrift ist unveränderlich ...": Essays zu Kafka},
	pagetotal = {210},
	publisher = {Fischer Taschenbuch-Verlag},
	author = {Pasley, Malcolm},
	date = {1995},
}

@inbook{kafka_zur_1990,
	location = {Frankfurt am Main \& New York, Ny.},
	title = {Zur Datierung und zur Arbeitsweise},
	booktitle = {Der Proceß (Apparatband). Kritische Ausgabe},
	publisher = {S. Fischer Verlag},
	author = {Pasley, Malcolm},
	bookauthor = {Kafka, Franz},
	editor = {Pasley, Malcolm},
	date = {1990},
}

@incollection{neumann_werk_1981,
	location = {Bern, Frankfurt am Main, Las Vegas, Nv.},
	title = {Werk oder Schrift? Vorüberlegungen zur Edition von Kafkas `Bericht für eine Akademie'},
	pages = {154--173},
	booktitle = {Edition und Interpretation},
	publisher = {Peter Lang Verlag},
	author = {Neumann, Gerhard},
	editor = {Hay, Louis and Woesler, Winfried},
	date = {1981},
}

@article{myojo_grubach_2022,
	title = {‘Grubach Fujin’, ‘Saisho no Shinri’, ’Hitoke nonai Hōtei’ no Shippitsujunsuitei wo meguru Chūkanhōkoku: Kafka Shinpan / Soshō no Henshū Honyaku Project [An Interim Report on the Possible Writing Sequence for ‘Gespräch mit Frau Grubach’, ‘Erste Untersuchung’, and ‘Im leeren Sitzungssaal’: An Editing and Translation Project of ‘Der Process’ by Franz Kafka},
	volume = {42},
	pages = {143--162},
	journaltitle = {Yōroppa Bunka Kenkyū: European Culture Studies, Seijo University Graduate School of Literature},
	author = {Myojo, Kiyoko and Nito, Takuto and Moribahashi, Shunsuke},
	date = {2022},
}

@article{myojo_honyakukano_2019,
	title = {‘Honyakukanō na Text’ no Henshū wo meguru Shomondai: Kafka ‘Shinpan / Soshō’ no Shinhonyaku Project [Die Editionsproblematik der ‘übersetzbaren Ausgabe’: ‘Der Process’ von Franz Kafka - ein neues Übersetzungsprojekt]},
	volume = {55},
	pages = {143--155},
	number = {1},
	journaltitle = {Saitama University Review. Faculty of Liberal Arts},
	author = {Myojo, Kiyoko and Moribayashi, Shunsuke and Tomizuka, Yu},
	date = {2019},
}

@article{myojo_kyokaisen_2012,
	title = {Kyōkaisen no Tankyū: Kafka no Henshū to Honyaku wo megutte [A Quest for Boundaries: On the Translation and Editing of Kafka's Work]},
	volume = {11},
	pages = {188--201},
	number = {5},
	journaltitle = {Bungaku [Literature]},
	author = {Myojo, Kiyoko},
	date = {2012},
}

@book{myojo_atarashii_2002,
	location = {Tokyo},
	title = {Atarashii Kafka: Henshū ga kaeru Text [Der neue Kafka: Wie die Edition den Text verändert]},
	publisher = {Keio University Press},
	author = {Myojo, Kiyoko},
	date = {2002},
}

@book{kurze_kafkas_2016,
	location = {Berlin},
	title = {Kafkas Process und die Satellitentexte: Verborgene Verbindungen zwischen Romantext und weiterer Prosa der Processzeit},
	series = {Kaleidogramme},
	shorttitle = {Kafkas Process und die Satellitentexte},
	pagetotal = {191},
	number = {137},
	publisher = {Kulturverlag Kadmos Berlin},
	author = {Kurze, Christian},
	date = {2016},
	keywords = {Criticism and interpretation, Kafka, Franz, Prozess},
}

@book{kleinwort_spate_2013,
	location = {München},
	title = {Der späte Kafka: Spätstil als Stilsuspension. Zur Genealogie des Schreibens},
	shorttitle = {Der späte Kafka},
	pagetotal = {278},
	number = {Bd. 16},
	publisher = {Wilhelm Fink},
	author = {Kleinwort, Malte},
	date = {2013},
	keywords = {Autobiography in literature, Criticism and interpretation, Kafka, Franz},
}

@book{kafka_tagebucher_1990,
	location = {Frankfurt am Main \& New York, Ny.},
	title = {Tagebücher (Textband). Kritische Ausgabe.},
	publisher = {S. Fischer Verlag},
	author = {Kafka, Franz},
	editor = {Pasley, Malcolm and Koch, Hans-Geld, and Müller, Michael},
	date = {1990},
}

@book{kafka_proces_1990,
	location = {Frankfurt am Main \& New York, Ny.},
	title = {Der Proceß (Apparatband). Kritische Ausgabe},
	publisher = {S. Fischer Verlag},
	author = {Kafka, Franz},
	editor = {Pasley, Malcolm},
	date = {1990},
}

@book{kafka_proces_1990-1,
	location = {Frankfurt am Main \& New York, Ny.},
	title = {Der Proceß (Textband). Kritische Ausgabe.},
	publisher = {S. Fischer Verlag},
	author = {Kafka, Franz},
	editor = {Pasley, Malcolm},
	date = {1990},
}

@book{holderlin_tutte_2001,
	location = {Milano},
	title = {Tutte le liriche},
	series = {Meridiani},
	publisher = {Mondadori Libri},
	author = {Hölderlin, Friedrich},
	editor = {Reitani, Luigi},
	translator = {Reitani, Luigi},
	date = {2001},
}

@incollection{myojo_editionspraxis_forthcoming,
	location = {Berlin},
	title = {Editionspraxis der Dritten Generation: Wie vermittelt man Franz Kafka einem japanischen Publikum?},
	series = {Beihefte zu Editio},
	booktitle = {Edition als Vermittlung},
	publisher = {De Gruyter},
	author = {Myojo, Kiyoko},
	editor = {Bosse, Anke and Boelderl, Artur R.},
	pubstate = {forthcoming},
}

@incollection{myojo_kafka_2015,
	location = {Tokyo},
	title = {Kafka no Ikō [Kafka's Posthumous Manuscripts]},
	pages = {221--244},
	booktitle = {Text to wa Nanika? Henshūbunkengaku Nyūmon [What is a Text? An Introduction to Textual Scholarship]},
	publisher = {Keio University Press},
	author = {Myojo, Kiyoko},
	editor = {Myojo, Kiyoko and Notomi, Noburu},
	date = {2015},
}

@book{schutterle_franz_2002,
	location = {Freiburg im Breisgau},
	title = {Franz Kafkas Oktavhefte: ein Schreibprozess als "System des Teilbaues"},
	pagetotal = {325},
	publisher = {Rombach},
	author = {Schütterle, Annette},
	date = {2002},
	note = {{OCLC}: ocm51614935},
	keywords = {Criticism and interpretation, Kafka, Franz},
}

@book{kafka_process_1997,
	location = {Basel \& Frankfurt am Main},
	title = {Der Process. Historisch-kritische Ausgabe sämtlicher Handschriften, Drucke und Typoskripte},
	publisher = {Stroemfeld \& Roter Stern Verlag},
	author = {Kafka, Franz},
	editor = {Reuß, Roland and Staengle, Peter},
	date = {1997},
	keywords = {Facsimiles, Kafka, Franz, Manuscripts, Manuscripts Facsimiles, Manuscrits Fac-similés, Prozess, Prozess (Kafka, Franz)},
}

@book{myojo_kafka_2014,
	location = {Tokyo},
	title = {Kafka rashikunai Kafka [Kafka Unkafkaesk]},
	publisher = {Keio University Press},
	author = {Myojo, Kiyoko},
	date = {2014},
}

@incollection{schillemeit_unterbrochene_2004,
	location = {Göttingen},
	title = {Das unterbrochene Schreiben: Zur Entstehung von Kafkas Roman Der Vorschollene},
	pages = {211--224.},
	booktitle = {Kafka-Studien},
	publisher = {Wallstein Verlag},
	author = {Schillemeit, Jost},
	editor = {Schillemeit, Rosemarie},
	date = {2004},
}

@article{myojo_taiho_2021,
	title = {‘Taiho’ to ‘Owari’ wo dō naraberuka: Kafka ‘Shinpan/ Soshō’ no Henshū Honyaku Project [Wie ediert man ‘Verhaftung’ und ‘Ende’?: ‘Der Process’ von Franz Kafka als ein Editions- und Übersetzungsprojekt]},
	pages = {90--112},
	number = {257},
	journaltitle = {The Seijo Bungei: The Seijo University Arts and Literature Quarterly},
	author = {Myojo, Kiyoko and Nito, Takuto and Moribayashi, Shunsuke},
	date = {2021},
}

@article{myojo_daisansedai_2021,
	title = {Daisansedai toshiteno Henshū: Kafka ‘Shinpan / Soshō’ no Henshū Honyaku Project [Editionspraxis der Dritten Generation: ‘Der Process’ von Franz Kafka als ein Editions- und Übersetzungsprojekt]},
	volume = {56},
	pages = {151--164},
	number = {2},
	journaltitle = {Saitama University Review. Faculty of Liberal Arts},
	author = {Myojo, Kiyoko},
	date = {2021},
}

@book{kafka_trial_2009,
	location = {Oxford and New York, Ny.},
	title = {The Trial [Der Proceß]},
	publisher = {Oxford University Press},
	author = {Kafka, Franz},
	translator = {Mitchell, Mike},
	date = {2009},
}

@book{kafka_sosho_2009,
	location = {Tokyo},
	title = {Soshō [Der Process]},
	publisher = {Kōbun-sha},
	author = {Kafka, Franz},
	translator = {Okazawa, Shizuya},
	date = {2009},
}

@book{kafka_shinpan_2001,
	location = {Tokyo},
	edition = {2},
	title = {Shinpan [Der Proceß]: Kafka Shōsetsu Zenshū},
	publisher = {Hakusui-sha},
	author = {Kafka, Franz},
	translator = {Ikeuchi, Osamu},
	date = {2001},
}

@book{kafka_diaries_1975,
	location = {New York, Ny.},
	title = {Diaries, 1910-1923 [Tagebücher]},
	publisher = {Schocken Books},
	author = {Kafka, Franz},
	translator = {Kresh, Joseph},
	date = {1975},
}

@book{kafka_shinpan_1966,
	location = {Tokyo},
	title = {Shinpan [Der Prozeß]},
	publisher = {Iwanami-shoten},
	author = {Kafka, Franz},
	translator = {Tsuji, Hikaru},
	date = {1966},
}

@book{kafka_shinpan_1953,
	location = {Tokyo},
	title = {Shinpan [Der Prozeß]},
	publisher = {Kadokawa-shoten},
	author = {Kafka, Franz},
	translator = {Motono, Kōichi},
	date = {1953},
}

@book{kafka_prozess_1946,
	location = {Frankfurt am Main \& New York, Ny.},
	title = {Der Prozess: Roman. Gesammelte Werke},
	publisher = {S. Fischer Verlag \& Schocken Books},
	author = {Kafka, Franz},
	editor = {Brod, Max},
	date = {1946},
}

@book{canetti_andere_1969,
	location = {München},
	title = {Der andere Prozeß: Kafkas Briefe an Felice},
	shorttitle = {Der andere Prozeß},
	publisher = {Hanser},
	author = {Canetti, Elias},
	date = {1969},
}

@book{binder_kafka-kommentar_1976,
	location = {München},
	title = {Kafka-Kommentar zu den Romanen, Rezensionen, Aphorismen und zum Brief an den Vater},
	pagetotal = {491},
	publisher = {Winkler},
	author = {Binder, Hartmut},
	date = {1976},
	keywords = {Criticism and interpretation, Kafka, Franz},
}

@collection{battegay_schrift_2010,
	location = {Göttingen},
	title = {Schrift und Zeit in Franz Kafkas Oktavheften},
	pagetotal = {260},
	publisher = {Wallstein},
	editor = {Battegay, Caspar and Christen, Felix and Groddeck, Wolfram},
	date = {2010},
	keywords = {Congresses, Criticism and interpretation, Kafka, Franz},
}
