
@book{de_biasi_textova_2018,
	address = {Prague},
	title = {Textová genetika},
	publisher = {Ústav pro českou literaturu {AV} ČR},
	author = {{de Biasi}, Pierre-Marc},
	year = {2018},
	translator = {Martin Pokorný},
}

@incollection{gabler_foreword_2016,
	address = {Cambridge, {UK}},
	title = {Foreword},
	pages = {XIII--XV},
	booktitle = {Digital Scholarly Editing: Theories and Practices},
	publisher = {Open Book Publishers},
	author = {Gabler, Hans Walter},
	year = {2016},
	editor = {Matthew James Driscoll and Elena Pierazzo},
}

@unpublished{mihalik_brana_nodate,
	title = {Brána},
	author = {Mihálik, Vojtech},
    location = {Slovenská národná knižnica, Literárny archív},
    note = {sign. 181 CO 11},
}

@unpublished{mihalik_skapinajuci_nodate,
	title = {Skapíňajúci Moloch. Mobilizácia. Vojna. Povojnová},
	author = {Mihálik, Vojtech},
    location = {Slovenská národná knižnica, Literárny archív},
    note = {sign. 181 CO 11},
}

@book{navratil_pramene_2019,
	address = {Bratislava},
	title = {Pramene ranej poézie Vojtecha Mihálika: Varianty – Revízie – Interpretácie},
	publisher = {{VEDA}, vydavateľstvo Slovenskej akadémie vied},
	author = {Navrátil, Martin},
	year = {2019},
}

@book{navratil_nezname_2021,
	address = {Bratislava},
	title = {Neznáme dielo Vojtecha Mihálika: Rekonštrukcia zbierky Ruža},
	publisher = {{VEDA}, vydavateľstvo Slovenskej akadémie vied},
	author = {Navrátil, Martin},
	date = {2021},
}

@incollection{sahle_what_2016,
	address = {Cambridge, {UK}},
	booktitle = {Digital Scholarly Editing: Theories and Practices},
	title = {What is a Scholarly Digital Edition?},
	pages = {19--39},
	publisher = {Open Book Publishers},
	author = {Sahle, Patrick},
	year = {2016},
	editor = {Matthew James Driscoll and Elena Pierazzo},
}

@incollection{shillingsburg_how_2010,
	address = {Cambridge, {UK}},
	title = {How Literary Works Exist: Implied, Represented, and Interpreted},
	pages = {165--182},
	booktitle = {Text and Genre in Reconstruction Effects of Digitalization on Ideas, Behaviours, Products and Institutions},
	publisher = {Open Book Publishers},
	author = {Shillingsburg, Peter},
	year = {2010},
	editor = {Willard {McCarty}},
}

@incollection{sutovec_k_2011,
	address = {Bratislava},
	title = {K počiatkom štátnej edičnej politiky v totalitnom Československu},
	pages = {149--182},
	booktitle = {Membra disiecta litteraria},
	publisher = {{VEDA}, vydavateľstvo Slovenskej akadémie vied},
	author = {Šútovec, Milan},
	year = {2011},
}


@book{vlasin_slovnik_1977,
	address = {Prague},
	title = {Slovník literárních směrů a skupin},
	publisher = {Orbis},
	author = {Vlašín, Štěpán},
	year = {1977},
}


@article{noauthor_radost_1947,
	title = {Radosť z básnickej rodiny plamenistov},
	volume = {12},
	number = {11},
	journal = {Plameň},
	date = {1947-02-01},
    pages = {169},
    author = {},
}

@article{noauthor_vysledok_1946,
	title = {Výsledok literárneho súbehu nakladateľstva Tranoscius},
	pages = {4},
	journal = {Čas},
	date = {1946-12-07},
    volume = {3},
    number = {275},
    author = {},
}