
@book{flaubert_salammbo_1862,
	location = {Paris},
	title = {Salammbô},
	publisher = {Michel Lévy},
	author = {Flaubert, Gustave},
	date = {1862},
}

@book{jarry_oeuvres_1972,
	location = {Paris},
	title = {Oeuvres complètes},
	publisher = {Gallimard},
	author = {Jarry, Alfred},
	editor = {Arrivé, Michel and Bordillon, Henri},
	date = {1972/1988},
	note = {With the collaboration of \textsc{Patrick Besnier} and \textsc{Bernard Le Doze}. 3 vols},
}

@book{perec_disparition_1969,
	location = {Paris},
	title = {La disparition},
	publisher = {Gallimard},
	author = {Perec, Georges},
	date = {1969},
}

@book{stevenson_merry_1887,
	location = {London},
	title = {The Merry Men and Other Tales and Fables},
	publisher = {Chatto \& Windus},
	author = {Stevenson, Robert Louis},
	date = {1887},
}
