
@book{alighieri_monarchia_2019,
	location = {Firenze},
	edition = {2},
	title = {Monarchia: A Digital Edition},
	url = {https://www.danteonline.it/monarchia},
	publisher = {Società Dantesca Italiana},
	author = {Alighieri, Dante},
	editor = {Shaw, Prue},
	urldate = {2023-06-30},
	date = {2019},
}

@book{alighieri_commedia_2021,
	location = {Firenze {/} Saskatoon, {Sk}.},
	edition = {2},
	title = {Commedia: A Digital Edition},
	url = {https://www.dantecommedia.it},
	publisher = {Fondazione Ezio Franceschini / Inkless Editions},
	author = {Alighieri, Dante},
	editor = {Shaw, Prue},
	urldate = {2023-06-30},
	date = {2021},
}

@article{andrews_analysis_2016,
	title = {Analysis of Variation Significance in Artificial Traditions Using Stemmaweb},
	volume = {31},
	doi = {10.1093/llc/fqu072},
	pages = {523--39},
	number = {3},
	journaltitle = {Digital Scholarship in the Humanities},
	author = {Andrews, Tara L.},
	date = {2016},
}

@article{barbi_canone_1891,
	title = {Canone di luoghi scelti per lo spoglio dei mss. della ‘Divina Commedia’},
	volume = {5--6},
	pages = {28--38},
	issue = {prima serie},
	journaltitle = {Bullettino della Società Dantesca Italiana,},
	author = {Barbi, Michele},
	date = {1891},
}

@article{bitner_macron_2021,
	title = {A Macron Signifying Nothing: Revisiting the Canterbury Tales Project Transcription Guidelines},
	volume = {14},
	doi = {10.16995/dm.8068},
	pages = {1--34},
	number = {1:5},
	journaltitle = {Digital Medievalist},
	author = {Bitner, Kendall and Dase, Kyle},
	date = {2021},
	note = {[In Special Cluster: \emph{The Canterbury Tales Project: Methods and Models}, edited by Barbara Bordalejo et al.]},
}

@article{bordalejo_youre_2021,
	title = {You’re Collating Just Fine and Other Lies You’ve Been Telling Yourself},
	volume = {14},
	doi = {10.16995/dm.8068},
	pages = {1--46},
	number = {1:6},
	journaltitle = {Digital Medievalist},
	author = {Bordalejo, Barbara and Vázquez, Adam Alberto},
	date = {2021},
	note = {[In Special Cluster: \emph{The Canterbury Tales Project: Methods and Models}, edited by Barbara Bordalejo et al.]},
}

@collection{brown_lincs_2020,
	location = {Guelph, On.},
	title = {{LINCS}: Linked Infrastructure for Networked Cultural Scholarship},
	url = {https://lincsproject.ca},
	publisher = {University of Guelph},
	editor = {Brown, Susan},
	urldate = {2023-06-30},
	date = {2020/},
}

@book{bublitz_foundations_2011,
	location = {Berlin and Boston, Ma.},
	title = {Foundations of Pragmatics},
	series = {of: \emph{Handbooks of Pragmatics}},
	volume = {1},
	publisher = {De Gruyter},
	editor = {Bublitz, Wolfram and Norrick, Neal R.},
	note = {Edited by \textsc{Wolfram Bublitz}, \textsc{Andreas H. Jucker}, and \textsc{Klaus P. Schneider}},
	date = {2011},
}

@book{chaucer_canterbury_1991,
	title = {Canterbury Tales Project},
	url = {https://www.canterburytalesproject.org},
	author = {Chaucer, Geoffrey},
	editor = {Robinson, Peter M. W. and Bordalejo, Barbara},
	urldate = {2023-06-30},
	date = {1991/},
}

@book{chaucer_wife_1996,
	location = {Cambridge},
	title = {The Wife of Bath’s Prologue on {CD}-{ROM}},
	publisher = {Cambridge University Press},
	author = {Chaucer, Geoffrey},
	editor = {Robinson, Peter M. W.},
	date = {1996},
}

@book{chaucer_critical_nodate,
	location = {Saskatoon, Sk.},
	title = {A Critical Edition of the Canterbury Tales: Based on All Known Pre-1500 Witnesses},
	publisher = {Inkless Editions},
	author = {Chaucer, Geoffrey},
	editor = {Bordalejo, Barbara and Robinson, Peter M. W.},
    pubstate = {forthcoming},
}

@book{croenen_online_2010,
	location = {Sheffield},
	title = {The Online Froissart. Version 1.0},
	url = {https://www.dhi.ac.uk/onlinefroissart/index.jsp},
	publisher = {Digital Humanities Institute, University of Sheffield},
	editor = {Croenen, Godfried and Ainsworth, Peter},
	urldate = {2023-06-30},
	date = {2010},
}

@book{dearing_methods_1962,
	location = {Los Angeles, Ca.},
	title = {Methods of Textual Editing},
	publisher = {William Andrews Clark Memorial Library, University of California},
	author = {Dearing, Vinton},
	date = {1962},
}

@online{noauthor_publication_2022,
	title = {Publication Types},
	url = {https://www.degruyter.com/publishing/publications/publicationtypes},
	author = {{De Gruyter}},
	date = {2022},
    urldate = {2023-06-30},
    note = {Berlin and Boston, Ma.: De Gruyter}
}

@manual{dekker_collatex_2010,
	location = {Amsterdam},
	title = {{CollateX}: Software for Collating Textual Sources.},
	url = {https://collatex.net},
	publisher = {{KNAW} Humanities Cluster / Interedition},
	author = {Dekker, Ronald Haentjens and Middell, Gregor},
	urldate = {2023-06-30},
	date = {2010/},
}

@book{donaldson_psychology_1970,
	location = {London},
	title = {Speaking of Chaucer},
	publisher = {Athlone},
	author = {Donaldson, E. Talbot},
	date = {1970},
}

@book{donne_digitaldonne_1981,
	location = {Austin, Tx.},
	title = {{DigitalDonne}: The Variorum Edition of the Poetry of John Donne},
	url = {http://donnevariorum.dh.tamu.edu},
	publisher = {Center of Digital Humanities Research, Texas A\&M University},
	author = {Donne, John},
	editor = {Stringer, Gary A. and Johnson, Jeffrey S.},
	urldate = {2023-06-30},
	date = {1981/},
}

@collection{greetham_scholarly_1995,
	location = {New York, Ny.},
	title = {Scholarly Editing: A Guide to Research},
	publisher = {The Modern Language Association of America},
	editor = {Greetham, David C.},
	date = {1995},
}

@book{greg_calculus_1927,
	location = {Oxford},
	title = {The Calculus of Variants: An Essay on Textual Criticism},
	publisher = {Clarendon Press},
	author = {Greg, Walter W.},
	date = {1927},
}

@manual{hagel_classical_1997,
	location = {Wien},
	title = {Classical Text Editor},
	url = {https://cte.oeaw.ac.at},
	publisher = {Austrian Academy of Sciences and Corpus Scriptorum Ecclesiasticorum Latinorum},
	author = {Hagel, Stefan},
	urldate = {2023-06-30},
	date = {1997/},
}

@book{heikkila_studia_2010,
	location = {Helsinki},
	title = {\emph{Studia stemmatologica}: A Series of International Workshops on Stemmatology},
	url = {http://cosco.hiit.fi/stemmatologica},
	publisher = {Helsinki Institute for Information Technology},
	author = {Heikkilä, Tuomas and Myllymäki, Petri and Roos, Teemu},
	urldate = {2023-06-30},
	date = {2010/},
}

@book{hockey_guide_1980,
	location = {Baltimore, Md.},
	title = {A Guide to Computer Applications in the Humanities},
	publisher = {The Johns Hopkins University Press},
	author = {Hockey, Susan M.},
	date = {1980},
}

@article{houghton_editio_2020,
	title = {The Editio Critica Maior of the Greek New Testament: Twenty Years of Digital Collaboration},
	volume = {11},
	doi = {10.1628/ec-2020-0009},
	pages = {97--117},
	number = {1},
	journaltitle = {Early Christianity},
	author = {Houghton, Hugh A. G. and Parker, D. C. and Robinson, Peter M. W. and Wachtel, Klaus},
	date = {2020},
}

@incollection{kane_john_1984,
	location = {Norman, Ok.},
	title = {John M. Manly (1865–1940) and Edith Rickert (1871–1931)},
	pages = {207--29},
	booktitle = {Editing Chaucer: The Great Tradition},
	publisher = {Pilgrim Books},
	author = {Kane, George},
	date = {1984},
}

@book{langland_piers_1960,
	location = {London},
	title = {Piers Plowman: The A Version},
	series = {of: \emph{Piers Plowman: The Three Versions}},
	volume = {1},
	publisher = {University of London/Athlone},
	author = {Langland, William},
	editor = {Kane, George},
	date = {1960},
    note ={Gen. ed. George Kane},
}

@book{langland_piers_1975,
	location = {London},
	title = {Piers Plowman: The B Version},
	series = {of: \emph{Piers Plowman: The Three Versions}},
	volume = {2},
	publisher = {University of London/Athlone},
	author = {Langland, William},
	editor = {Kane, George and Donaldson, E. Talbot},
    note = {Gen. ed. George Kane},
	date = {1975},
}

@book{maas_textual_1958,
	location = {Oxford},
	title = {Textual Criticism},
	publisher = {Clarendon Press},
	author = {Maas, Paul},
	translator = {Flower, Barbara},
	date = {1958},
}

@mvbook{manly_text_1940,
	location = {Chicago, Il.},
	title = {The Text of the Canterbury Tales: Studied on the Basis of All Known Manuscripts},
	volumes = {8},
	publisher = {The University of Chicago Press},
	author = {Manly, John M. and Rickert, Edith},
	date = {1940},
}

@book{marchetti_scribal_2019,
	title = {``Scribal behaviour'' e ``scribal habits'': un problema metodologico. Fenomenologia dei codices descripti},
	publisher = {Università degli Studi di Ferrara / Autonomous University of Barcelona},
	author = {Marchetti, Federico},
	date = {2019},
    note = {PhD diss.,},
}

@manual{ott_tustep_2011,
	title = {{TUSTEP}: Tuebingen System of Text Processing tools},
	url = {https://www.tustep.uni-tuebingen.de/tustep_eng.html},
	author = {Ott, Wilhelm and Ott, Tobias},
	urldate = {2023-06-30},
	date = {2011/},
}

@article{pasquali_paul_1929,
	title = {Paul Maas: Textkritik},
	volume = {5},
	pages = {417--35 and 498--521},
	number = {8--9},
	journaltitle = {Gnomon},
	author = {Pasquali, Giorgio},
	date = {1929},
}

@book{pasquali_storia_1934,
	location = {Firenze},
	title = {Storia della tradizione e critica del testo},
	publisher = {Le Monnier},
	author = {Pasquali, Giorgio},
	date = {1934},
}

@article{pugliatti_textual_1998,
	title = {Textual Perspectives in Italy: From Pasquali’s Historicism to the Challenge of ‘Variantistica’ (and Beyond)},
	volume = {11},
	pages = {155--88},
	journaltitle = {Text},
	author = {Pugliatti, Paola},
	date = {1998},
}

@collection{reenen_studies_1996,
	location = {Amsterdam},
	title = {Studies in Stemmatology},
	publisher = {John Benjamins},
	editor = {Reenen, Pieter van and Mulken, Margot van},
	date = {1996},
	doi = {10.1075/z.79},
}

@collection{reenen_studies_2004,
	location = {Amsterdam},
	title = {Studies in Stemmatology {II}},
	publisher = {John Benjamins},
	editor = {Reenen, Pieter van and Hollander, August den and Mulken, Margot van},
	date = {2004},
	doi = {10.1075/z.125},
}

@online{noauthor_terminology_2019,
	title = {Terminology of Textual Criticism},
	url = {https://www.uib.no/rg/medievalphilology/124494/terminology-textual-criticism},
	author = {{Research Group for Medieval Philology}},
	urldate = {2023-06-30},
	date = {2019},
}

@book{reynolds_scribes_2013,
	location = {Oxford},
	edition = {4},
	title = {Scribes and Scholars: A Guide to the Transmission of Greek and Latin Literature},
	publisher = {Oxford University Press},
	author = {Reynolds, L.D. and Wilson, N.G.},
	date = {2013},
}

@misc{robinson_canterbury_1993,
	title = {Canterbury Tales Project Newsletter 1},
	doi = {10.5281/zenodo.4742802},
	author = {Robinson, Peter M. W.},
	date = {1993},
}

@incollection{robinson_stemmatic_1997,
	location = {London},
	title = {A Stemmatic Analysis of the Fifteenth-Century Witnesses to The Wife of Bath’s Prologue},
	doi = {10.5281/zenodo.3940648},
	pages = {69--132},
	booktitle = {\emph{The Canterbury Tales} Project Occasional Papers Volume II},
	publisher = {Office for Humanities Communication},
	author = {Robinson, Peter M. W.},
	editor = {Blake, Norman and Robinson, Peter M. W.},
	date = {1997},
}

@article{robinson_textual_2012,
	title = {The Textual Tradition of Dante’s ‘Commedia’ and the ‘Barbi \emph{Loci}’},
	volume = {9},
	pages = {7--38},
	journaltitle = {Ecdotica},
	author = {Robinson, Peter M. W.},
	date = {2012},
}

@online{robinson_collate_2014,
	title = {Collate 2, and the Design for Its Successor: {CollateXML} (Now {CollateX})},
	doi = {10.5281/zenodo.3902430},
	titleaddon = {Saskatoon, Sk.: Scholarly Digital Editions blog},
	author = {Robinson, Peter M. W.},
	date = {2014},
}

@article{robinson_report_1992,
	title = {Report on the Textual Criticism Challenge 1991},
	volume = {3},
	pages = {331--37},
	number = {4},
	journaltitle = {Bryn Mawr Classical Review},
	author = {Robinson, Peter M. W. and O'Hara, Robert J.},
	date = {1992},
}

@incollection{robinson_l0_2021,
	location = {Firenze {/} Saskatoon, Sk.},
	edition = {2},
	title = {L0: The Scriptio Prior of {LauSC}},
	pages = {359--60},
	booktitle = {\emph{Dante Alighieri}, Commedia: A Digital Edition},
	publisher = {Fondazione Ezio Franceschini and Inkless Editions},
	author = {Robinson, Peter M. W. and Shaw, Prue},
	editor = {Shaw, Prue},
	date = {2021},
}

@book{roelli_parvum_2015,
	location = {Helsinki},
	title = {\emph{Parvum lexicon stemmatologicum}. A Brief Lexicon of Stemmatology},
	doi = {10.5167/uzh-121539},
	publisher = {University of Helsinki},
	author = {Roelli, Philipp and Macé, Caroline},
	date = {2015},
}

@collection{harvey_saint_2011,
	location = {Dublin},
	title = {Saint Patrick’s Confessio},
	url = {http://confessio.ie},
	publisher = {Royal Irish Academy},
	note = {Edited by Anthony Harvey and Franz Fischer.},
	urldate = {2023-06-30},
	date = {2011},
}

@incollection{shaw_introduction_2021,
	location = {Firenze {/} Saskatoon, Sk.},
	edition = {2},
	title = {Introduction},
	url = {https://www.dantecommedia.it},
	pages = {50--129},
	booktitle = {\emph{Dante Alighieri}, Commedia: A Digital Edition},
	publisher = {Fondazione Ezio Franceschini and Inkless Editions},
	author = {Shaw, Prue},
	editor = {Shaw, Prue},
	urldate = {2023-06-03},
	date = {2021},
}

@book{shillingsburg_scholarly_1986,
	location = {Athens, Ga. and London},
	title = {Scholarly Editing in the Computer Age: Theory and Practice},
	publisher = {University of Georgia Press},
	author = {Shillingsburg, Peter L.},
	date = {1986},
}

@manual{smith_collation_2018,
	location = {Birmingham},
	title = {Collation Editor},
	doi = {10.5281/zenodo.6371367},
	publisher = {Institute for Textual Scholarship {and} Electronic Editing},
	editor = {Smith, Catherine},
	date = {2018/},
}

@book{trovato_everything_2017,
	location = {Padova},
	edition = {Rev. ed.},
	title = {Everything You Always Wanted to Know about Lachmann’s Method: A Non-Standard Handbook of Genealogical Textual Criticism in the Age of Post-Structuralism, Cladistics, and Copy-Text},
	publisher = {libreriauniversitaria.it Edizioni},
	author = {Trovato, Paolo},
	date = {2017},
}

@book{von_eschenbach_wolfram_1833,
	location = {Berlin},
	title = {Wolfram von Eschenbach},
	publisher = {G. Reimer},
	author = {Von Eschenbach, Wolfram},
	editor = {Lachmann, Karl},
	date = {1833},
}

@book{von_eschenbach_parzival-projekt_2022,
	location = {Bern},
	title = {Parzival-Projekt},
	url = {https://parzival.unibe.ch},
	publisher = {University of Bern},
	author = {Von Eschenbach, Wolfram},
	editor = {Stolz, Michael},
	urldate = {2023-06-30},
	date = {2022},
}

@unpublished{woods_good_2021,
	title = {Good Things Come in Small Packages: Community of Practice Development Proposal and Overview},
	doi = {10.5281/zenodo.5735419},
	author = {Woods, Nathan},
	date = {2021-11-23},
}

@book{cerquiglini_eloge_1989,
	location = {Paris},
	title = {Éloge de la variante. Histoire critique de la philologie},
	publisher = {Seuil},
	author = {Cerquiglini, Bernard},
	date = {1989},
}