@book{biasi_oeuvre_2017,
  title={L'{\OE}uvre comme processus},
  author={{de Biasi}, Pierre-Marc and Herschberg-Pierrot, Anne},
  year={2017},
  publisher={CNRS {\'E}ditions},
  address={Paris}
}

@book{belting_histoire_1989,
  title={L'{H}istoire de l'art est-elle finie?},
  author={Belting, Hans},
  year={1989},
  publisher={Jaqueline Chambon},
  address={N{\^i}mes}
}

@book{canfora_copista_2002,
  title={Il copista come autore},
  year={2002},
  author={Canfora, Luigi},
  publisher={Sellerio},
  address={Palermo}
}

@book{cerquiglini_eloge_1989,
	location = {Paris},
	title = {Éloge de la variante. Histoire critique de la philologie},
	publisher = {Seuil},
	author = {Cerquiglini, Bernard},
	date = {1989},
}

@book{didi_devant_1990,
  title={Devant l'image: question pos{\'e}e aux fins d'une histoire de l'art},
  author={Didi-Huberman, Georges},
  publisher={Les {{\'E}}ditions de {Minuit}},
  address={Paris},
  year={1990}
}

@book{eco_beato_1982,
	location = {Milan},
	title = {Beato de Liébana},
	publisher = {Franco Maria Ricci},
	author = {Eco, Umberto},
	date = {1982},
}

@incollection{ferrer_production_2002,
  title={Production, {I}nvention, and {R}eproduction: {G}enetic vs. {T}extual {C}riticism},
  author={Ferrer, Daniel},
  booktitle={Reimagining {T}extuality: {T}extual {S}tudies in the {L}ate {A}ge of {P}rint},
  pages={48--59},
  year={2002},
  editor={Bergman Loizeaux, Elizabeth and Neil Fraistat},
  publisher={University of Wisconsin Press},
  address={Madison}
}

@collection{gonzalez_echegaray_obras_1995,
	location = {Madrid},
	title = {Obras completas de Beato de Liébana},
	volume = {47},
	shorttitle = {Obras completas de Beato de Liébana},
	publisher = {Biblioteca de Autores Cristianos},
	editor = {González Echegaray, Joaquín},
	date = {1995},
}


@book{gryson_beati_2012,
	title = {Beati Liebanensis Tractatus de Apocalipsin},
	series = {Corpus Christianorum: Series Latina},
    volume = {107 B–C},
	publisher = {Brepols},
    address = {Turnhout},
	author = {Gryson, Roger},
	date = {2012},
}

@book{klein_altere_1976,
    title={Der {\"a}ltere Beatus-Kodex Vitr. 14-1 der Biblioteca Nacional zu Madrid: Studien zur Beatus-Illustration und der spanischen Buchmalerei des 10. Jahrhunderts},
    author={Klein, Peter K.},
    year={1976},
     publisher={G. Olms},
     address={Hildesheim and New York, Ny.},
}

@book{deleuze_rhizome_1976,
    author = {Deleuze, Gilles and Félix Guattari},
    title = {Rhizome},
    publisher = {Editions de Minuit},
    place = {Paris},
    year = {1976},
}

@book{klein_beato_2004,
	location = {Valencia},
	title = {Beato de Liébana: La Ilustración de los Manuscritos de Beato y el Apocalipsis de Lorvão},
	shorttitle = {Beato de Liébana},
	publisher = {Patrimonio Ediciones},
	author = {Klein, Peter K.},
    translator = {Mariño, Beatriz},
	date = {2004},
}

@book{kubler_shape_1970,
	location = {New Haven},
	edition = {6th ed.},
	title = {The Shape of Time: Remarks on the History of Things},
	publisher = {Yale University Press},
	author = {Kubler, George},
	date = {1970},
}

@book{menendez_mozarabes_1954,
  title={Moz{\'a}rabes y asturianos en la cultura de la {Alta} {Edad} {Media}},
  author={Men{\'e}ndez Pidal, Gonzalo},
  year={1954},
  publisher={Bol{\'e}tin de la {Real} {Academia} de {Hist{\'o}ria}},
  address= {Madrid}
}

@book{miller_mappaemundi_1895,
  title={Mappaemundi: Die {\"a}ltesten {Weltkarten}: {Rekonstruierte} {Karten}},
  author={Miller, Konrad},
  year={1895},
  publisher={Roth},
  address={Stuttgart}
}

@book{muller_use_2014,
	location = {Newcastle Upon Tyne},
	title = {The Use of Models in Medieval Book Painting},
	publisher = {Cambridge Scholars Publishing},
	author = {Müller, Monika E.},
	date = {2014},
}

@book{neuss_apokalypse_1931,
	location = {Munich},
	title = {Die Apokalypse des Hl. Johannes in der altspanischen und altchristlichen Bibel-Illustration: Das Problem der Beatus-Handschriften},
	shorttitle = {Die Apokalypse des Hl. Johannes in der altspanischen und altchristlichen Bibel-Illustration},
	publisher = {Aschendorffschen Verlagsbuchhandlung},
	author = {Neuss, Wilhelm},
	date = {1931},
}

@mvbook{noauthor_actas_1978,
	location = {Madrid},
	title = {Actas del Simposio para el estudio de los códices del “Comentario al Apocalipsis” de Beato de Liébana},
    shorttitle = {Actas},
	volumes = {2},
	publisher = {Joyas Bibliográficas},
	date = {1978},
}

@book{pacht_questions_1994,
  title={Questions de m{\'e}thode en histoire de l'art},
  author={P{\"a}cht, Otto and Demus, Otto and Lacoste, Jean},
  publisher={Macula},
  address={Paris},
  year={1994}
}

@book{quentin_essais_1926,
	location = {Paris},
	title = {Essais de critique textuelle (Ecdotique)},
	publisher = {Picard},
	author = {Quentin, Henri},
	date = {1926},
}

@book{sanders_beati_1930,
    title={Beati in {Apocalipsin} {Libri} {Duodecim}},
    author={Henry A. Sanders},
    year={1930},
    publisher={American {Academy} ({Papers} and {Monographs})},
    address={Rome}
}

@incollection{schmitt_images_2003,
	location = {Turnhout},
	title = {Images and the Historian},
	pages = {19--44},
	booktitle = {History and Images: Towards a New Iconology},
	publisher = {Brepols},
	author = {Schmitt, Jean-Claude},
	editor = {Bolving, Axel and Lindley, Phillip},
	date = {2003},
}

@book{scheller_exemplum_1995,
	location = {Amsterdam},
	title = {Exemplum: Model-Book Drawings and the Practice of Artistic Transmission in the Middle Ages (ca. 900-ca. 1470)},
	shorttitle = {Exemplum},
	publisher = {Amsterdam University Press},
	author = {Scheller, Robert Walter Hans Peter},
	date = {1995},
}

@incollection{stones_secular_1976,
	location = {Chapel Hill, {Nc}.},
	title = {Secular Manuscript Illumination in France},
	pages = {83--102},
	booktitle = {Medieval Manuscripts and Textual Criticism},
	publisher = {University of North Carolina Press},
	author = {Stones, M. Alison},
	editor = {Kleinhenz, Christopher},
	date = {1976},
}

@mvbook{williams_illustrated_1994,
	location = {London},
	title = {The Illustrated Beatus: A Corpus of the Illustrations of the Commentary on the Apocalypse},
	shorttitle = {The illustrated Beatus},
	volumes = {5},
	publisher = {Harvey Miller Publishers},
	author = {Williams, John},
	date = {1994},
}

@book{zumthor_essai_1972,
  title={Essai de po{\'e}tique m{\'e}di{\'e}vale},
  author={Zumthor, Paul},
  date={1972},
  publisher={Seuil},
  location={Paris}
}