
@article{shillingsburg_orientations_2015,
	title = {Orientations to {Text}, {Revisited}},
	volume = {59},
	doi = {10.1353/SIB.2015.0004},
	pages = {27--44},
	journaltitle = {Studies in Bibliography},
	author = {Shillingsburg, Peter L. and Van Hulle, Dirk},
	date = {2015},
	keywords = {A2 Tijdschriftartikel, Antwerp Centre for Digital humanities and literary Criticism ({ACDC}), Faculteit Letteren en Wijsbegeerte. Taal- en Letterkunde, Letterkunde},
}

@book{henschke_geschichte_1922,
	location = {Leipzig},
	title = {Geschichte der Weltliteratur in einer Stunde},
	publisher = {Dürr \& Weber},
	author = {Klabund, (pseudonym Albert Henschke)},
	date = {1922},
}

@book{maironis_pavasario_1913,
	edition = {4th edition},
	title = {Pavasario Balsai ir Kame išganymas},
	author = {Maironis},
	date = {1913},
	note = {[print by S. Banaitis]},
    location = {Kaunas},
}

@book{maironis_pavasario_2020,
	location = {Vilnius},
	title = {Pavasario balsai [The Voices of Spring]: A Digital Archive and Scholarly Edition},
	url = {https://doi.org/10.15388/voicesofspring2020},
	publisher = {Vilniaus universitetas},
	author = {Maironis},
	editor = {Subačius, Paulius V.},
	date = {2020},
}

@book{jamison_rigveda_2014,
	location = {Oxford},
	title = {The Rigveda: the {Earliest} {Religious} {Poetry} of {India}},
	shorttitle = {The Rigveda},
	publisher = {Oxford University Press},
	translator = {Jamison, Stephanie W. and Brereton, Joel P.},
	date = {2014},
}

@unpublished{maironis_vertimai_1927,
	title = {Vertimai iš indų Rigvedos.},
	pagetotal = {226r–237r},
	author = {Maironis},
	date = {1927},
	note = {[Holograph, fair copy]. Maironis Lithuanian Literature Museum, No. 4794, ff. 226r–237r.},
}

@book{wiegler_geschichte_1914,
	location = {Berlin},
	title = {Geschichte der Weltliteratur},
	publisher = {Ullstein},
	author = {Wiegler, Paul},
	date = {1914},
}

@book{walker_interpolations_2001,
	location = {London \& New York, Ny.},
	title = {Interpolations in the {Pauline} {Letters}},
	publisher = {Sheffield Academic Press},
	author = {Walker, William O. Jr.},
	date = {2001},
}

@unpublished{vaiciunaite_serksnas_1967,
	title = {Šerkšnas},
	pagetotal = {3r, 8r, 11r},
	author = {Vaičiūnaitė, Judita},
	date = {1967},
	note = {[Holograph, rough copy], Lithuanian Archives of Literature and Art, F78, ap. 1, b. 9, f. 11r},
}

@unpublished{vaiciunaite_untitled_1961,
	title = {Untitled? poem},
	pagetotal = {1r–1v},
	author = {Vaičiūnaitė, Judita},
	date = {1961},
	note = {[Holograph, rough copy]. Maironis Lithuanian Literature Museum, No. 69619, ff. 1r–1v.},
}

@book{renehan_greek_1969,
	location = {Cambridge, {MA}},
	title = {Greek {Textual} {Criticism}: {A} {Reader}},
	publisher = {Harvard University Press},
	author = {Renehan, Robert},
	date = {1969},
}

@unpublished{nagys_memento_1980,
	title = {Memento (Mariui)},
	pagetotal = {19v–20v},
	author = {Nagys, Henrikas},
	date = {1980},
	note = {[Holograph, rough copy]. Maironis Lithuanian Literature Museum, No. 112281, ff. 19v–20v.},
}

@unpublished{nagys_sniego_1951,
	title = {Sniego balandžiai.},
	pagetotal = {30r–31v, 33r–33v},
	author = {Nagys, Henrikas},
	date = {1951},
	note = {[Holograph, five rough copies]. Maironis Lithuanian Literature Museum, No. 112278, ff. 30r–31v, 33r–33v.},
}

@book{mihkelson_bokstas_2022,
	location = {Vilnius},
	title = {Bokštas: Eilėraščiai},
	publisher = {Lietuvos rašytojų sąjunga},
	author = {Mihkelson, Ene},
	translator = {Bernotaitė-Jakubčionienė, Agnė},
	date = {2022},
}

@book{michalski_czterdziesci_1912,
	location = {Warszawa \& Kraków},
	title = {Czterdzieści Pieśni Rigwedy, t. j. wiedzy hymnów},
	publisher = {Ultima Thule},
	translator = {Michalski, Stanisław},
	date = {1912},
}

@unpublished{maironis_daiktu_1922,
	title = {Daiktų pradžia. Malda į Agnį. Varunai. Saulei Surjai. Nežinomam Dievui},
	pagetotal = {6v–11r},
	author = {Maironis},
	date = {1922},
	note = {[Holograph, rough copy]. Maironis Lithuanian Literature Museum, No. 20043, ff. 6v–11r},
}

@unpublished{martinaitis_pries_1967,
	title = {Prieš lietų},
	pagetotal = {17r},
	author = {Martinaitis, Marcelijus},
	date = {1967},
	note = {[Holograph, rough copy], Maironis Lithuanian Literature Museum, No. 95626, f. 17r},
}

@book{maironis_pavasario_2020-1,
	location = {Kaunas},
	title = {Pavasario balsai},
	publisher = {Maironio lietuvių literatūros muziejus},
	author = {Maironis},
	editor = {Cibulskienė, Deimantė},
	date = {2020},
}

@book{maironis_pavasario_2012,
	location = {Vilnius},
	edition = {28th edition},
	title = {Pavasario balsai: Lyrika},
	publisher = {Lietuvių literatūros ir tautosakos institutas},
	author = {Maironis},
	editor = {Žvirgždas, Manfredas},
	date = {2012},
}

@book{maironis_rastai_1987,
	location = {Vilnius},
	title = {Raštai [Oeuvre], vol. 1: Lyrika},
	publisher = {Vaga},
	author = {Maironis},
	editor = {Slavinskaitė, Irena},
	date = {1987},
}

@book{maironis_maironio_1927,
	location = {Kaunas},
	title = {Maironio raštai [Oeuvre], vol. 1: Lyrika.},
	publisher = {Raidės spaustuvė},
	author = {Maironis},
	date = {1927},
}

@book{maironis_maironio_1926,
	location = {Kaunas},
	title = {Maironio raštai [Oeuvre], vol. 5: Trumpa visuotinės literatūros istorija},
	publisher = {Raidės spaustuvė},
	author = {Maironis},
	date = {1926},
}

@article{maironis_vertimai_1923,
	title = {Vertimai iš Rigvedos},
	volume = {22},
	pages = {3--7},
	journaltitle = {Skaitymai},
	author = {Maironis},
	date = {1923},
}

@book{maironis_pavasario_1920,
	location = {Tilžė},
	title = {Pavasario Balsai},
	publisher = {Jagomasto sp. Lituania},
	author = {Maironis},
	date = {1920},
}

@book{maironis_pavasario_1905,
	location = {Peterburgas},
	edition = {3rd edition},
	title = {Pavasario Balsai. ir Kur išganymas.},
	publisher = {Išleista Lietuvių Laikraščio kaštais},
	author = {Maironis},
	date = {1905},
	note = {[print by Golike and Vilborg]},
}

@book{maguire_rhetoric_2020,
	location = {Oxford},
	title = {The {Rhetoric} of the {Page}},
	publisher = {Oxford University Press},
	author = {Maguire, Laurie},
	date = {2020},
}

@book{greenberg_poetics_2018,
	location = {Cham},
	title = {A Poetics of Editing},
	publisher = {Springer},
	author = {Greenberg, Susan L.},
	date = {2018},
}

@book{grafton_footnote_1997,
	location = {London},
	title = {The {Footnote}: {A} {Curious} {History}},
	shorttitle = {The footnote},
	publisher = {{Faber and Faber}},
	author = {Grafton, Anthony},
	date = {1997},
}

@book{geda_babilono_1994,
	location = {Vilnius},
	title = {Babilono atstatymas},
	publisher = {Vaga},
	author = {Geda, Sigitas},
	date = {1994},
}

@article{dimitrova_decorus_2012,
	title = {Decorus {Seduction}: the {Self-annotated} {Poetry} of {William} {Empson}},
	volume = {50},
	pages = {206--216},
	issue = {1},
	journaltitle = {Paisii Hilendarski University Research Papers},
	author = {Dimitrova, Maria},
	date = {2012},
}

@article{dilworth_david_1980,
	title = {David Jones's Glosses on `The Anathemata`},
	volume = {33},
	pages = {239--253},
	journaltitle = {Studies in Bibliography},
	author = {Dilworth, Thomas},
	date = {1980},
}

@incollection{claridge_footnote_2020,
	location = {Amsterdam \& Philadelphia},
	title = {The {Footnote} in {Late} {Modern} {English} {Historiographical} {Writing}},
	url = {https://doi.org/10.1075/pbns.317.03cla},
	shorttitle = {Framing Framing},
	pages = {63--90},
	booktitle = {The Dynamics of Text and Framing Phenomena: Historical Approaches to Paratext and Metadiscourse in English},
	publisher = {John Benjamin Publishing Company},
	author = {Claridge, Claudia and Wagner, Sebastian},
	editor = {Peikola, Matti and Bös, Birte},
	date = {2020},
}

@incollection{bos_framing_2020,
	location = {Amsterdam \& Philadelphia},
	title = {Framing {Framing}: {The} {Multifaceted} {Phenomena} of {Paratext}, {Metadiscourse} and {Framing}},
	url = {https://doi.org/10.1075/pbns.317.01bos},
	shorttitle = {Framing Framing},
	pages = {3--31},
	booktitle = {The Dynamics of Text and Framing Phenomena: Historical Approaches to Paratext and Metadiscourse in English},
	publisher = {John Benjamin Publishing Company},
	author = {Bös, Birte and Peikola, Matti},
	editor = {Peikola, Matti and Bös, Birte},
	date = {2020},
}

@article{brazaitis_maironis_1957,
	title = {Maironis ir Lietuva.},
	pages = {337--341},
	number = {8},
	journaltitle = {Aidai},
	author = {Brazaitis, Juozas},
	date = {1957},
}

@book{baumgartner_geschichte_1897,
	location = {Freiburg im Breisgau},
	title = {Geschichte der Weltliteratur},
	publisher = {Herder},
	author = {Baumgartner, Alexander von},
	date = {1897},
}
