
@book{baumgartner_geschichte_1897,
	address = {Freiburg im Breisgau},
	title = {Geschichte der {Weltliteratur}},
	publisher = {Herder},
	author = {Baumgartner, Alexander von},
	year = {1897},
}

@incollection{bos_framing_2020,
	address = {Amsterdam \& Philadelphia},
	title = {Framing {Framing}: {The} {Multifaceted} {Phenomena} of {Paratext}, {Metadiscourse} and {Framing}},
	shorttitle = {Framing {Framing}},
	url = {https://doi.org/10.1075/pbns.317.01bos},
	booktitle = {The {Dynamics} of {Text} and {Framing} {Phenomena} in the {History} of {English}},
	publisher = {John Benjamin Publishing Company},
	author = {Bös, Birte and Peikola, Matti},
	editor = {Peikola, Matti and Bös, Birte},
	year = {2020},
	pages = {3--31},
}

@article{brazaitis_maironis_1957,
	title = {Maironis ir {Lietuva}.},
	number = {8},
	journal = {Aidai},
	author = {Brazaitis, Juozas},
	year = {1957},
	pages = {337--341},
}

@incollection{claridge_footnote_2020,
	address = {Amsterdam \& Philadelphia},
	title = {The footnote in {Late} {Modern} {English} historiographical writing},
	shorttitle = {Framing {Framing}},
	url = {https://doi.org/10.1075/pbns.317.03cla},
	booktitle = {The {Dynamics} of {Text} and {Framing} {Phenomena} in the {History} of {English}},
	publisher = {John Benjamin Publishing Company},
	author = {Claridge, Claudia and Wagner, Sebastian},
	editor = {Peikola, Matti and Bös, Birte},
	year = {2020},
	pages = {63--90},
}

@article{dilworth_david_1980,
	title = {David {Jones}'s {Glosses} on" {The} {Anathemata}"},
	volume = {33},
	journal = {Studies in Bibliography},
	author = {Dilworth, Thomas},
	year = {1980},
	note = {Publisher: JSTOR},
	pages = {239--253},
}

@article{dimitrova_decorus_2012,
	title = {Decorus seduction: the self-annotated poetry of {William} {Empson}.},
	volume = {50},
	number = {1D},
	journal = {Paisii Hilendarski University Research Papers},
	author = {Dimitrova, Maria},
	year = {2012},
	note = {Publisher: УИ" Паисий Хилендарски"},
	pages = {206--216},
}

@book{geda_babilono_1994,
	address = {Vilnius},
	title = {Babilono atstatymas},
	publisher = {Vaga},
	author = {Geda, Sigitas},
	year = {1994},
}

@book{grafton_footnote_1997,
	address = {London},
	title = {The footnote: {A} curious history},
	shorttitle = {The footnote},
	publisher = {Faber and Faber},
	author = {Grafton, Anthony},
	year = {1997},
}

@book{greenberg_poetics_2018,
	address = {Cham},
	title = {A poetics of editing},
	publisher = {Springer},
	author = {Greenberg, Susan L.},
	year = {2018},
}

@book{italia_what_2021,
	address = {Cambridge},
	title = {What is {Authorial} {Philology}?},
	url = {https://doi.org/10.11647/OBP.0224},
	publisher = {Open Book Publishers},
	author = {Italia, Paola and Raboni, Giulia and Presotto, Marco and Boadas, Sònia and Centenari, Margherita and Feriozzi, Francesco and Marranchino, Carmela and Beloborodova, Olga and Van Hulle, Dirk and Verhulst, Pim},
	year = {2021},
}

@book{jamison_rigveda_2014,
	address = {Oxford},
	title = {The {Rigveda}: the earliest religious poetry of {India}},
	shorttitle = {The {Rigveda}},
	publisher = {Oxford University Press},
	translator = {Jamison, Stephanie W.},
	translator = {Brereton, Joel P.},
	year = {2014},
}

@book{henschke_geschichte_1922,
	address = {Leipzig},
	title = {Geschichte der {Weltliteratur} in einer {Stunde}},
	publisher = {Dürr \& Weber},
	author = {Henschke, Alfred},
	year = {1922},
}

@book{maguire_rhetoric_2020,
	address = {Oxford},
	title = {The {Rhetoric} of the {Page}},
	publisher = {Oxford University Press},
	author = {Maguire, Laurie},
	year = {2020},
}

@book{maironis_pavasario_1905,
	address = {Peterburgas},
	edition = {3rd},
	title = {Pavasario {Balsai}. ir {Kur} išganymas.},
	publisher = {Išleista Lietuvių Laikraščio kaštais},
	author = {Maironis},
	year = {1905},
	note = {[print by Golike and Vilborg]},
}

@book{maironis_pavasario_1913,
	edition = {4th},
	title = {Pavasario {Balsai} ir {Kame} išganymas},
	publisher = {[print by S. Banaitis]},
	author = {Maironis},
	year = {1913},
	note = {[print by S. Banaitis]},
}

@book{mair_pavasario_1920,
	address = {Tilžė},
	title = {Pavasario {Balsai}},
	publisher = {Jagomasto sp. Lituania},
	author = {Mair},
	year = {1920},
}

@unpublished{maironis_daiktu_1922,
	title = {Daiktų pradžia. {Malda} į {Agnį}. {Varunai}. {Saulei} {Surjai}. {Nežinomam} {Dievui}},
	author = {Maironis},
	year = {1922},
	note = {[Holograph, rough copy]},
}

@book{maironis_pavasario_1920,
    title={Pavasario Balsai},
    author={Maironis},
    year={1920},
    publisher={Jagomasto sp. Lituania},
    address={Tilžė}
}

@article{maironis_vertimai_1923,
	title = {Vertimai iš {Rigvedos}},
	volume = {22},
	journal = {Skaitymai},
	author = {Maironis},
	year = {1923},
	pages = {3--7},
}

@book{maironis_maironio_1926,
	address = {Kaunas},
	title = {Maironio raštai [{Oeuvre}], 5: {Trumpa} visuotinės literatūros istorija},
	publisher = {Raidės spaustuvė},
	author = {Maironis},
	year = {1926},
}

@unpublished{maironis_vertimai_1927-1,
	title = {Vertimai iš indų {Rigvedos}.},
	author = {Maironis},
	year = {1927},
	note = {[Holograph, fair copy]},
    pages = {ff. 226r--237r},
}

@book{maironis_maironio_1927,
	address = {Kaunas},
	title = {Maironio raštai [{Oeuvre}], 1: {Lyrika}.},
	publisher = {Raidės spaustuvė},
	author = {Maironis},
	year = {1927},
}

@book{maironis_rastai_1987,
	address = {Vilnius},
	title = {Raštai [{Oeuvre}], 1: {Lyrika}},
	publisher = {Vaga},
	author = {Maironis},
	editor = {Slavinskaitė, Irena},
	year = {1987},
}

@book{maironis_pavasario_2012,
	address = {Vilnius},
	edition = {28th},
	title = {Pavasario balsai: {Lyrika}},
	publisher = {Lietuvių literatūros ir tautosakos institutas},
	author = {Maironis},
	editor = {Žvirgždas, Manfredas},
	year = {2012},
}

@book{maironis_pavasario_2020-1,
	address = {Kaunas},
	title = {Pavasario balsai},
	publisher = {Maironio lietuvių literatūros muziejus},
	author = {Maironis},
	editor = {Cibulskienė, Deimantė},
	year = {2020},
}

@book{maironis_pavasario_2020,
	address = {Vilnius},
	title = {Pavasario balsai={The} {Voices} of {Spring}: {A} digital archive and scholarly edition},
	url = {https://doi.org/10.15388/voicesofspring2020},
	publisher = {Vilniaus universitetas},
	author = {Maironis and Subačius, Paulius V.},
	year = {2020},
}

@unpublished{martinaitis_pries_1967,
	title = {Prieš lietų},
	author = {Martinaitis, Marcelijus},
	year = {1967},
	note = {[Holograph, fair copy]},
}

@book{michalski_czterdziesci_1912,
	address = {Warszawa \& Kraków},
	title = {Czterdzieści {Pieśni} {Rigwedy}, t. j. wiedzy hymnów},
	publisher = {Ultima Thule},
	author = {Michalski, Stanisław},
	year = {1912},
}

@book{mihkelson_bokstas_2022,
	address = {Vilnius},
	title = {Bokštas: {Eilėraščiai}},
	publisher = {Lietuvos rašytojų sąjunga},
	author = {Mihkelson, Ene},
	translator = {Bernotaitė-Jakubčionienė, Agnė},
	year = {2022},
}

@unpublished{nagys_sniego_1951,
	title = {Sniego balandžiai.},
	author = {Nagys, Henrikas},
	year = {1951},
	note = {[Holograph, five rough copies]},
}

@unpublished{nagys_memento_1980,
	title = {Memento ({Mariui})},
	author = {Nagys, Henrikas},
	year = {1980},
	note = {[Holograph, rough copy]},
}

@book{renehan_greek_1969,
	address = {Cambridge, MA},
	title = {Greek {Textual} {Criticism}: {A} {Reader}},
	publisher = {Harvard University Press},
	author = {Renehan, Robert},
	year = {1969},
}

@unpublished{vaiciunaite_untitled_1961,
	title = {Untitled? poem},
	author = {Vaičiūnaitė, Judita},
	year = {1961},
	note = {[Holograph, rough copy]},
}

@unpublished{vaiciunaite_serksnas_1967,
	title = {Šerkšnas},
	author = {Vaičiūnaitė, Judita},
	year = {1967},
	note = {[Holograph, rough copy]},
}

@article{shillingsburg_orientations_2015,
	title = {Orientations to {Text}, {Revisited}},
	volume = {59},
	issn = {1553-3891},
	url = {http://muse.jhu.edu/journals/studies_in_bibliography/v059/59.van-hulle.html},
	doi = {10.1353/SIB.2015.0004},
	number = {1},
	journal = {Studies in Bibliography},
	author = {Shillingsburg, Peter L. and Van Hulle, Dirk},
	year = {2015},
	keywords = {Antwerp Centre for Digital humanities and literary Criticism (ACDC), Faculteit Letteren en Wijsbegeerte. Taal- en Letterkunde, Letterkunde, A2 Tijdschriftartikel},
	pages = {27--44},
}

@book{walker_interpolations_2001,
	address = {London \& New York},
	title = {Interpolations in the {Pauline} letters},
	publisher = {Sheffield Academic Press},
	author = {Walker, William O. Jr.},
	year = {2001},
}

@book{wiegler_geschichte_1914,
	address = {Berlin},
	title = {Geschichte der {Weltliteratur}},
	publisher = {Ullstein},
	author = {Wiegler, Paul},
	year = {1914},
}
