
@incollection{hayes_new_1996,
	location = {New Jersey},
	title = {A New Framework for Understanding Cognition and Affect in Writing},
	pages = {1--27},
	booktitle = {The Science of Writing},
	publisher = {Lawrence Erbaum Associates, Publishers},
	author = {Hayes, John R.},
	editor = {Levy, C. Michael and Ransdell, Sara},
	date = {1996},
}

@book{king_writing_2000,
	location = {London},
	title = {On Writing: A Memoir of the Craft},
	publisher = {Hodder and Stoughton},
	author = {King, Stephen},
	date = {2000},
}

@article{van_hulle_towards_2019,
	title = {Towards a Comparative History of the Literary Draft},
	volume = {256},
	pages = {1--17},
	number = {1},
	journaltitle = {Archiv f√ºr das Studium der neueren Sprachen und Literaturen},
	author = {Van Hulle, Dirk},
	date = {2019},
}

@book{van_hulle_genetic_2022,
	location = {Oxford},
	title = {Genetic Criticism: Tracing Creativity in Literature},
	publisher = {Oxford University Press},
	author = {Van Hulle, Dirk},
	date = {2022},
}

@article{van_waes_writing_2003,
	title = {Writing profiles: the effect of the writing mode on pausing and revision patters of experienced writers.},
	pages = {829--853},
	number = {35},
	journaltitle = {Journal of Pragmatics},
	author = {Van Waes, Luuk and Schellens, Peter Jan},
	date = {2003},
}

@online{noauthor_ian_2018,
	title = {Ian {McEwan} and Billy Howle discuss the new adaptation of On Chesil Beach},
	url = {https://www.penguin.co.uk/articles/2018/05/on-chesil-beach-ian-mcewan-billy-howle/},
	author = {},
	urldate = {2024-07-01},
	date = {2018-05-15},
	langid = {english},
}


@book{baxandall_patterns_1985,
	location = {New Haven},
	title = {Patterns of Intention: On the Historical Explanation of Pictures},
	publisher = {Yale University Press},
	author = {Baxandall, Michael},
	date = {1985},
}

@book{eggert_work_2019,
	location = {Cambridge},
	title = {The Work and the Reader in Literary Studies. Scholarly Editing and Book Histor},
	publisher = {Cambridge University Press},
	author = {Eggert, Paul},
	date = {2019},
}
