
@article{battle_characterizing_2019,
	title = {Characterizing Exploratory Visual Analysis: {A} Literature Review and Evaluation of Analytic Provenance in Tableau},
	volume = {38},
	shorttitle = {Characterizing exploratory visual analysis},
	issue = {3},
	journal = {Computer graphics forum},
	author = {Battle, Leilani and Heer, Jeffrey},
	year = {2019},
	pages = {145--159},
}

@article{beran_luxury_1998,
	title = {The Luxury of Excellence: {Alice} {Munro} in the {New} {Yorker}},
	shorttitle = {The luxury of excellence},
	volume = {66},
	journal = {Essays on Canadian Writing},
	author = {Beran, Carol L.},
	year = {1998},
	pages = {204--231},
}

@article{berndt_trapped_2020,
	title = {Trapped in Class? Material Manifestations of Poverty and Prosperity in Alice Munro's 'Royal Beatings' and The Beggar Maid'},
	volume = {47},
	pages = {521--535},
	issue = {2},
	journaltitle = {Neohelicon: Acta
  Comparationis Litterarum Universarum},
	author = {Berndt, Katrin},
	date = {2020},
}

@article{bigot_marooning_2020,
	title = {Marooning on Islands of Her Own Choosing: Inscribing Place and Instability in Alice Munro's `Deep-Holes'},
	volume = {42},
	issue = {2},
	journaltitle = {Commonwealth Essays and Studies},
	author = {Bigot, Corinne},
	date = {2020},
}

@article{brier_wheres_2012,
	title = {Where’s the Pedagogy? {The} Role of Teaching and Learning in the Digital Humanities},
	volume = {1},
	shorttitle = {Where’s the pedagogy?},
	journal = {Debates in the digital humanities},
	author = {Brier, Stephen},
	year = {2012},
	pages = {390--401},
}

@book{bryant_melville_2008,
	address = {Ann Arbor, Mi.},
	title = {Melville {Unfolding}: {Sexuality}, {Politics}, and the {Versions} of \emph{Typee}: a {Fluid}-text {Analysis}, with an Edition of the \emph{Typee} Manuscript},
	shorttitle = {Melville {Unfolding}},
	publisher = {University of Michigan Press},
	author = {Bryant, John},
	year = {2008},
}

@letter{carr_letter_1981,
	title = {Letter to {Alice} {Munro}},
	author = {Carr, Richard},
	date = {1981-02},
    type = {letter},
    note = {Alice Munro Papers, University of Calgary
Archives and Special Collections, MsC 38.2.7.30.},
}

@book{carscallen_other_1992,
	title = {The Other Country: Patterns in the Writing of {Alice} {Munro}},
	shorttitle = {The other country},
	publisher = {ECW Press},
	author = {Carscallen, James},
	year = {1992},
}


@article{duncan_social_2009,
	title = {Social Class in Alice Munro's 'Sunday Afternoon' and 'Hired Girl'},
	volume = {22},
	pages = {15--30},
	issue = {1},
	journaltitle = {British Journal of Canadian Studies},
	author = {Duncan, Isla},
        year = {2009},
}


@article{fladd_alice_2015,
	title = {Alice {Munro}, {Charles} {McGrath}, and the {Shaping} of `{The} {Turkey} {Season}'},
	volume = {45},
	issue = {2},
	journal = {American Review of Canadian Studies},
	author = {Fladd, Nadine},
	year = {2015},
	pages = {174--186},
}

@article{hancock_interview_1982,
	title = {An Interview with {Alice} {Munro}},
	volume = {43},
	journal = {Canadian Fiction Magazine},
	author = {Hancock, Geoff},
	year = {1982},
	pages = {74 --114},
}

@book{howells_alice_1998,
  title={Alice Munro},
  author={Howells, C.A.},
  series={Alice Munro},
  year={1998},
  address = {Manchester},
  publisher={Manchester University Press}
}

@article{hoy_rose_1989,
	title = {`{Rose} and {Janet}': {Alice} {Munro}’s {Metafiction}},
	volume = {121},
	journal = {Canadian Literature},
	author = {Hoy, Helen},
	year = {1989},
	pages = {59--83},
}

@incollection{koneczniak_works_2016,
	title = {Works by {Alice} {Munro} in {Textual} and {Editorial} {Scholarship}: {Through} the {Prism} of {Konrad} {Górski}’s {Study}},
	shorttitle = {Works by {Alice} {Munro} in {Textual} and {Editorial} {Scholarship}},
	booktitle = {Alice {Munro}: {Understanding}, {Adapting} and {Teaching}},
	publisher = {Springer},
	author = {Koneczniak, Grzegorz},
	editor = {Buchholtz, Mirosława},
	year = {2016},
	pages = {105--113},
}

@incollection{lorre-johnston_pictures_2015,
	title = {Pictures of the {Imagination}: {A} {Study} of the {Drafts} of `{Images}' by {Alice} {Munro}},
	shorttitle = {Pictures of the {Imagination}},
    booktitle = {The {Inside} of a {Shell}: {Alice} {Munro's} \emph{{Dance} of the {Happy} {Shades}}},
	publisher = {Cambridge Scholars Publishing},
	author = {Lorre-Johnston, Christine},
	editor = {Guignery, Vanessa},
	year = {2015},
	pages = {226--243},
}

@book{mccaig_reading_2002,
	title = {Reading in: {Alice} {Munro}’s Archives},
	shorttitle = {Reading in},
	publisher = {Wilfrid Laurier University Press},
	author = {McCaig, JoAnn},
	year = {2002},
}

@article{mcgill_where_2002,
	title = {Where Do You Think You Are? {Alice} {Munro}'s Open Houses},
	volume = {35},
	shorttitle = {Where do you think you are?},
	issue = {4},
	journal = {Mosaic: A journal for the interdisciplinary study of literature},
	author = {McGill, Robert},
	year = {2002},
	pages = {103--119},
}

@letter{mcgrath_letter_1976,
	title = {Letter to {Alice} {Munro}},
	author = {McGrath, Charles},
	date = {1976-11-18},
    note = {Alice Munro Papers, University of Calgary Archives and Special Collections, MsC 37.2.30.1a},
}

@book{moretti_distant_2013,
	title = {Distant Reading},
	publisher = {Verso Books},
	author = {Moretti, Franco},
	year = {2013},
    address = {London \& Brooklyn, Ny.}

}

@book{moretti_signs_1983,
	title = {Signs Taken for Wonders: On the Sociology of Literary Forms},
	publisher = {Verso Books},
	author = {Moretti, Franco},
	year = {1983},
    address = {London \& Brooklyn, Ny.}
}

@book{munro_progress_1986,
	title = {The Progress of Love},
	publisher = {McClelland and Stewart},
	author = {Munro, Alice},
	year = {1986},
}

@book{munro_moons_1983,
	title = {The {Moons} of {Jupiter}},
	publisher = {Knopf},
	author = {Munro, Alice},
	year = {1983},
}

@book{munro_who_1977,
	title = {Who {Do} {You} {Think} {You} {Are}},
	publisher = {Macmillan},
	author = {Munro, Alice},
	year = {1977},
}

@misc{ramji_dear_2022,
	title = {Dear {Alice}: {Mapping} an {Archive} of {Fan} {Letters} to {Munro}.},
	author = {Ramji, Shazia Hafiz},
	date = {2022-02},
	note = {Unpublished Paper},
}

@incollection{somacarrera_looking_2016,
	title = {Looking at America from Edinburgh Castle: Postcolonial Dislocations in Alice Munro's and Ann-Marie {MacDonald}'s Scottish Fictions},
	pages = {167--186},
	booktitle = {Taking Liberties: Scottish Literature and Expressions of Freedom},
	publisher = {Association for Scottish Literary Studies},
	author = {Somacarrera, Pilar},
	date = {2016},
}

@incollection{steele_series_1986,
	address = {Calgary, Ab.},
	title = {Series {Introduction}},
	booktitle = {The {Alice} {Munro} {Papers}, {First} {Accession}: {An} {Inventory} of the {Archives}},
	publisher = {University of Calgary Press},
	author = {Steele, Charles R.},
	year = {1986},
	pages = {xxv--xxxiv},
}

@book{sutherland_why_2022,
	title = {Why {Modern} {Manuscripts} {Matter}},
	publisher = {Oxford University Press},
	author = {Sutherland, Kathryn},
	year = {2022},
}

@incollection{tener_archival_1986,
	address = {Calgary, Ab.},
	title = {Archival {Introduction}},
	booktitle = {The {Alice} {Munro} {Papers}, {First} {Accession}: {An} {Inventory} of the {Archives}},
	publisher = {University of Calgary Press},
	author = {Tener, Jean F. and Moore, Jean M.},
	year = {1986},
	pages = {xxv--xxxiv},
}

@book{thacker_reading_2016,
	address = {Calgary, Ab.},
	title = {Reading {Alice} {Munro}, 1973-2013},
	publisher = {University of Calgary Press},
	author = {Thacker, Robert},
	year = {2016},
}

@book{van_hulle_genetic_2022,
	address = {Oxford},
	title = {Genetic {Criticism}: {Tracing} {Creativity} in {Literature}},
	shorttitle = {Genetic {Criticism}},
	publisher = {Oxford University Press},
	author = {Van Hulle, Dirk},
	year = {2022},
}


@unpublished{munro_alice_nodate,
	title = {Alice {Munro} {Papers}},
	author = {Munro, Alice},
	location = {University of Calgary Archives and Special Collections},
	note = {MsC. 38.11.2},
}

@unpublished{munro_typescript_nodate,
	title = {Typescript {Draft} of `{The} {Progress} of {Love}'},
	author = {Munro, Alice},
	location = {University of Calgary Archives and Special Collections},
	note = {Acc\#396/87.03. Box 8, Folder 12},
}
