
@incollection{beyer_hahersprache_2007,
	address = {Essen},
	title = {Hähersprache},
	volume = {69},
	booktitle = {Schreibheft. {Zeitschrift} für {Literatur}},
	publisher = {Rigodon-Verlag},
	author = {Beyer, Marcel},
	year = {2007},
	pages = {173--175},
}

@incollection{beyer_zu_2007,
	address = {Essen},
	title = {Zu {E}.{E}. {Cummings} {Gedicht} `pound pound pound'},
	volume = {69},
	url = {http://www.planetlyrik.de/marcel-beyer-zu-e-e-cummings-gedicht-pound-pound-pound/2018/06/},
	booktitle = {Schreibheft. {Zeitschrift} für {Literatur}},
	publisher = {Rigodon-Verlag},
	author = {Beyer, Marcel},
	year = {2007},
	pages = {173--175},
    urldate = {2024-12-01},
}

@book{beyer_graphit_2014,
	address = {Berlin},
	title = {Graphit},
	publisher = {Suhrkamp},
	author = {Beyer, Marcel},
	year = {2014},
}

@letter{beyer_e-mail_2015,
	title = {E-mail to the Author},
	type = {Letter},
	author = {Beyer, Marcel},
	date = {2015-02-10},
}

@letter{beyer_e-mail_2016,
	title = {E-mail to the Author},
	type = {Letter},
	author = {Beyer, Marcel},
	date = {2016-01-16},
}

@incollection{beyer_libretto_2018,
	title = {Libretto for {Toshio} {Hosokawa}, {Erdbeben}. {Träume}. {Nach} {Heinrich} von {Kleists} {Novelle} {Das} {Erdbeben} in {Chili}},
	shorttitle = {Toshio {Hosokawa}" {Erdbeben}. {Träume}"},
	booktitle = {Programmheft der {Oper} {Stuttgart}},
	author = {Beyer, Marcel},
	year = {2018},
	pages = {54--59},
}

@incollection{derrida_paper_2005,
	address = {Stanford, Ca.},
	title = {Paper {Machine}},
	booktitle = {Stanford: {Stanford} {University} {Press}},
	publisher = {Stanford University Press},
	author = {Derrida, Jacques},
	translator = {Bowlby, Rachel},
	year = {2005},
    origdate = {1996},
    options = {cmsdate=both},
	pages = {19--32},
}

@online{noauthor_dfg-graduiertenkolleg_nodate,
	title = {{DFG}-Graduiertenkolleg 2291},
    subtitle = {Gegenwart/Literatur. Geschichte, Theorie und Praxeologie eines {Verhältnisses}},
	url = {https://www.grk-gegenwart.uni-bonn.de/de},
	titleaddon = {University of Bonn},
	urldate = {2024-06-28},
}

@incollection{gilbert_zukunfte_2019,
	address = {Berlin \& Boston, Ma.},
	title = {Die {Zukünfte} des {Werks}. {Kleiner} {Abriss} der {Gegenwartsliteratur} mit {Blick} auf die {Werkdebatte} von {Morgen}},
	booktitle = {Das {Werk}. {Zum} {Verschwinden} und {Fortwirken} eines {Grundbegriffs}},
	publisher = {De Gruyter},
	author = {Gilbert, Annette},
	editor = {Danneberg, Lutz},
	year = {2019},
	pages = {495--550},
}

@book{gilbert_literatures_2022,
	address = {Cambridge, Ma. \& London},
	title = {Literature’s {Elsewheres}: {On} the {Necessity} of {Radical} {Literary} {Practices}},
	shorttitle = {Literature’s {Elsewheres}},
	publisher = {MIT Press},
	author = {Gilbert, Annette},
	year = {2022},
}

@book{ginsberg_allen_1974,
	address = {New York, Ny.},
	title = {Allen {Verbatim}: {Lectures} on {Poetry}, {Politics}, {Consciousness}},
	shorttitle = {Allen {Verbatim}},
	publisher = {McGraw-Hill},
	author = {Ginsberg, Allen},
	year = {1974},
}

@book{goetz_abfall_1999,
	address = {Frankfurt am Main},
	title = {Abfall für alle},
	publisher = {Suhrkamp},
	author = {Goetz, Rainald},
	year = {1999},
}

@book{gresillon_literarische_1999,
	address = {Bern},
	title = {Literarische {Handschriften}: {Einführung} in die ``critique génétique''},
	shorttitle = {Literarische {Handschriften}},
	publisher = {Peter Lang Verlag},
	author = {Grésillon, Almuth},
	year = {1999},
}

@article{griem_standards_2015,
	title = {Standards für die {Gegenwartsliteraturforschung}},
	volume = {65},
	number = {1},
	journal = {Germanisch-Romanische Monatsschrift},
	author = {Griem, Julika},
	year = {2015},
	pages = {97--114},
}

@incollection{hesse_tertium_2001,
	address = {Berlin},
	title = {Das tertium quid des Übersetzens},
	booktitle = {Bi-{Textualität}: {Inszenierungen} des {Paares}},
	publisher = {Erich Schmidt Verlag GmbH \& Co KG},
	author = {Hesse, Eva and Heitann, Annegret},
	year = {2001},
	pages = {121--127},
}



@book{huff_autosummarize_2010,
	title = {{AutoSummarize}},
	url = {https://p-dpa.net/home/wp-content/uploads/2019/09/autosummarize-jhuff2010.pdf},
	urldate = {2024-08-30},
	author = {Huff, Jason},
	year = {2010},
}

@book{jannidis_ruckkehr_1999,
	address = {Tübingen},
	title = {Rückkehr des {Autors}: zur {Erneuerung} eines umstrittenen {Begriffs}},
	shorttitle = {Rückkehr des {Autors}},
	publisher = {Niemeyer},
	author = {Jannidis, Fotis and Lauer, Gerhard and Martinez, Matias and Winko, Simone},
	year = {1999},
}

@book{Kindellan_late_2017,
    address = {London \& New York, Ny.},
    title = {The Late Cantos of Ezra Pound},
    publisher = {Bloomsbury},
    author = {Kindellan, Michael},
    year = {2017},
}

@article{kittler_literatur_1991,
	title = {Literatur, Edition und Reprographie},
	volume = {65},
	pages = {205--235},
	journal = {Deutsche Vierteljahrsschrift für Literaturwissenschaft und Geistesgeschichte},
	author = {Kittler, Wolf},
	date = {1991},
}

@article{mengeringhaus_was_nodate,
	title = {Was dichten heißt. {Die} {Haltung} des {Schriftstellers} zur {Sprache}},
	number = {218-219},
	journal = {Text + Kritik: Marcel Beyer},
	author = {Mengeringhaus, Maximilian},
	pages = {61--71},
}

@article{ries_philology_2017,
	title = {Philology and the Digital Writing Process},
	volume = {9},
	journal = {Cahier Voor Literatuurwetenschap},
	author = {Ries, Thorsten},
	year = {2017},
	pages = {129--158},
}

@book{pound_cantos_2012,
	address = {Zürich \& Hamburg},
	edition = {Zweisprachige Ausgabe.},
	title = {Die {Cantos}},
	publisher = {Arche},
	author = {Pound, Erza},
	translator = {Hesse, Eva and Pfister, Manfred},
	year = {2012},
}

@article{ries_rationale_2018,
	title = {The Rationale of the Born-Digital Dossier Génétique: {Digital} Forensics and the Writing Process: {With} Examples from the {Thomas} {Kling} {Archive}},
	volume = {33},
	shorttitle = {The rationale of the born-digital dossier génétique},
	number = {2},
	journal = {Digital Scholarship in the Humanities},
	author = {Ries, Thorsten},
	year = {2018},
	note = {Publisher: Oxford University Press},
	pages = {391--424},
}

@online{noauthor_info_nodate,
	subtitle = {Info},
	url = {https://web.archive.org/web/20180405222929/http://www.schreibszene.uni-frankfurt.de/info/?lang=en},
	title = {Schreibszene Frankfurt},
	urldate = {2017-11-11},
}

@book{sina_nachlassbewusstsein_2017,
	address = {Göttingen},
	title = {Nachlassbewusstsein: {Literatur}, {Archiv}, {Philologie} 1750-2000},
	shorttitle = {Nachlassbewusstsein},
	publisher = {Wallstein Verlag},
	author = {Sina, Kai and Spoerhase, Carlos},
	year = {2017},
}

@article{spoerhase_literaturwissenschaft_2014,
	title = {Literaturwissenschaft und {Gegenwartsliteratur}},
	volume = {68},
	number = {1},
	journal = {Merkur},
	author = {Spoerhase, Carlos},
	year = {2014},
	pages = {15--21},
}

@article{steinfeld_literaturwissenschaft_1997,
	title = {Literaturwissenschaft und {Gegenwartsliteratur}},
	volume = {51},
	number = {3},
	journal = {Merkur},
	author = {Steinfeld, Thomas},
	year = {1997},
	pages = {204--214},
}

@book{stussel_thomas_2013,
	address = {Göttingen},
	title = {Thomas {Kling}. {Zur} {Leitcodierung}. {Manhattan} {Schreibszene}},
	publisher = {Wallstein},
	editor = {Stüssel, Kerstin and Wix, Gabriele},
	year = {2013},
}

@book{tonnard_speak_2010,
    address = {Gent},
    title = {Speak! eyes -- En zie!},
    publisher = {Druksel},
    author = {Tonnard, Elisabeth},
    year = {2010},
}

@incollection{wagner_sarazenin_2013,
	address = {Halle},
	title = {Die {Sarazenin}},
	volume = {3 (1942–1946)},
	booktitle = {Neue {Text}-{Ausgabe} {Richard} {Wagner}},
	publisher = {Projekte-Verlag Cornelius},
	author = {Wagner, Richard},
	editor = {Jacobs, Rüdiger},
	year = {2013},
	pages = {157--189},
}

@article{wix_stratigraphic_2016,
	title = {Stratigraphic {Soundings}: {A} {Genetic} {Approach} to the {German} {Poet} {Thomas} {Kling}},
	volume = {12-13},
	journal = {Variants. The Journal of the European Society for Textual Scholarship},
	author = {Wix, Gabriele},
	year = {2016},
	pages = {125--147},
}

@incollection{wix_editionsphilologie_2017,
	address = {Berlin \& Boston, Ma.},
	title = {Editionsphilologie und {Gegenwartsliteraturforschung}: {Montage} als dichterische {Praxis} bei {Marcel} {Beyer} (1965) und {Thomas} {Kling} (1957–2005)},
	volume = {41},
	shorttitle = {Editionsphilologie und {Gegenwartsliteraturforschung}},
	booktitle = {Textrevisionen. {Beihefte} zu editio},
	publisher = {De Gruyter},
	author = {Wix, Gabriele},
	editor = {Hofmeister, Wernfried and Hofmeister-Winter, Andrea},
	year = {2017},
	pages = {135--147},
}


@article{wix_programmheft_2018,
	title = {{Das} {Programmheft} als {Erweiterung} des {Bühnenraums}},
	volume = {21},
	url = {https://literaturkritik.de/public/rezension.php?rez_id=24829},
	urldate = {2024-08-30},
	number = {8},
	journal = {Literaturkritik.de. Schwerpunkt: Musik und Literatur – Literatur und Musik.},
	author = {Wix, Gabriele},
	year = {2018},
}


@incollection{wix_genese_2019,
	address = {Berlin \& Boston, Ma.},
	title = {Die {Genese} als {Partitur} –– eine {Lesung} des {Schreibprozesses} von {Marcel} {Beyers} {Gedicht} `{Das} {Rheinland} stirbt zuletzt' in {Kolumba}, {Köln}},
	volume = {46},
	booktitle = {Aufführung und {Edition}. {Beihefte} zu \emph{Editio}},
	publisher = {De Gruyter},
	author = {Wix, Gabriele},
	year = {2019},
	pages = {263--276},
}
